1323 1959
232 440 364 473 Seitdem
382 440 423 472 die
441 440 565 481 Königin
583 441 629 473 der
647 440 885 482 Wissenschaften,
905 442 946 473 die
964 440 1156 482 Philosophie,

141 493 212 531 nicht
236 495 315 528 mehr
339 495 368 525 in
386 494 481 532 Ehren
505 494 572 533 steht
587 494 644 525 und
670 494 745 533 selbst
770 495 824 527 das
842 494 934 533 „Volk
958 495 1006 525 der
1023 494 1154 527 Denker"

142 544 188 584 sich
206 557 261 579 von
288 547 330 586 ihr
348 547 534 588 abzuwcnden
560 547 666 586 scheint,
685 547 795 586 seitdem
821 547 909 586 macht
934 547 981 586 sich
1007 547 1057 587 auf
1082 548 1155 581 allen

141 598 279 633 Gebieten
313 601 361 632 des
387 600 559 640 öffentlichen
585 601 694 633 Lebens
728 601 783 632 und
810 601 851 633 bei
877 601 1053 641 Erörterung
1086 601 1155 635 aller

139 653 384 695 weltbewegenden
411 654 524 696 Fragen
559 656 617 687 eine
643 654 805 693 Unklarheit
839 655 896 687 und
926 655 1155 694 Verworrenheit

140 706 306 746 bemerklich,
325 708 419 746 welche
444 718 499 739 nur
524 708 657 747 allzusehr
682 708 750 748 dazu
777 707 917 749 angethan
943 708 984 746 ist,
1010 708 1052 740 die
1070 708 1154 750 Lage,

139 759 167 791 in
193 761 239 792 der
265 761 306 792 die
332 760 461 793 moderne
487 760 666 800 Gesellschaft
700 760 747 800 sich
774 760 902 800 befindet,
935 771 966 801 zu
992 761 1153 802 erschweren

137 813 193 846 und
228 814 288 847 eine
320 814 523 857 befriedigende
547 815 658 856 Lösung
692 814 739 847 der
764 814 956 849 obwaltenden
980 814 1152 856 Schwierig­

137 867 220 901 keiten
246 869 309 908 noch
335 869 413 907 mehr
439 869 467 900 in
493 869 534 902 die
562 870 651 911 Ferne
676 881 706 911 zu
732 869 834 904 rücken.

226 923 301 961 Auch
336 923 413 961 heute
448 923 547 964 gelten,
584 935 664 956 wenn
699 924 780 966 gleich
811 926 894 957 unter
928 934 997 965 ganz
1032 924 1153 958 anderen

136 974 344 1014 Verhältnissen
370 976 411 1007 die
437 975 547 1013 Worte,
584 977 625 1009 die
651 977 781 1016 Thiers
815 987 862 1011 am
896 982 925 1009 4.
952 978 1039 1017 März
1069 982 1151 1010 1840

136 1028 173 1058 im
199 1029 417 1069 gesetzgebenden
442 1029 550 1068 Körper
575 1040 629 1062 von
655 1030 818 1070 Frankreich
844 1030 1009 1071 aussprach:

351 1091 388 1120 ..II
410 1100 441 1116 ne
462 1091 537 1118 sut'tit
558 1101 603 1125 pas
632 1093 663 1118 de
683 1093 776 1118 Vordre
797 1093 925 1124 materiel,
955 1094 972 1119 il
995 1093 1053 1119 faut
1083 1094 1154 1120 aussi

294 1136 326 1161 de
354 1136 447 1161 Vordre
475 1137 564 1167 moral,
596 1138 755 1163 e'est-ä-dire
786 1138 911 1165 1'Union
944 1139 997 1163 des
1028 1138 1153 1171 esprits

294 1188 363 1205 vers
384 1188 423 1205 un
444 1181 499 1206 but
521 1189 678 1213 commnn;
693 1182 755 1207 teile
771 1184 811 1207 est
825 1182 993 1216 aujourd'hui
1007 1183 1031 1207 la
1045 1183 1152 1209 mission

292 1224 406 1256 imposeo
436 1232 469 1249 au
490 1227 708 1258 gouvernement.
747 1225 862 1253 L’heuro
892 1230 931 1252 ost
961 1234 1046 1252 venuo
1076 1227 1106 1251 de
1127 1227 1152 1251 la

293 1269 474 1300 comprendrc;
495 1276 560 1294 nous
581 1270 706 1294 assistons
727 1271 741 1294 ä
762 1278 795 1295 un
817 1270 1068 1296 renouvelloment.“

223 1320 298 1358 Auch
324 1321 402 1360 heute
429 1321 516 1360 haben
542 1323 594 1354 wir
619 1329 676 1354 uns
701 1332 751 1354 vor
769 1322 861 1356 Allem
888 1323 944 1355 klar
969 1333 999 1363 zu
1026 1322 1150 1363 machen,

133 1372 186 1411 daß
200 1375 252 1405 mir
266 1375 341 1406 einer
353 1374 607 1416 wirthschaftlichen
622 1376 678 1407 und
692 1376 848 1417 politischen
857 1377 1077 1418 Neugestaltung
1093 1379 1149 1410 ent­

131 1426 314 1468 gegengehen,
328 1437 360 1467 zu
369 1428 451 1460 deren
462 1428 903 1471 wünschenswerthemVerlaufe
914 1437 944 1462 es
954 1431 1052 1471 nöthig
1065 1431 1150 1467 wäre,

130 1479 183 1518 daß
199 1479 251 1511 alle
262 1480 502 1518 wohlmeinenden
528 1482 584 1513 und
596 1482 676 1522 tiefer
698 1482 848 1515 blickenden
875 1483 985 1521 Geister
1009 1483 1057 1522 sich
1082 1483 1150 1516 über

131 1533 174 1563 ein
201 1532 371 1570 bestiinmtes
396 1533 458 1573 Ziel
484 1534 604 1575 einigen,
625 1535 720 1574 ebenso
746 1536 797 1567 wie
822 1536 889 1568 über
915 1536 958 1567 die
977 1535 1075 1577 Wege,
1101 1547 1150 1569 um

132 1585 249 1622 dasselbe
275 1596 305 1626 zu
331 1587 475 1626 erreichen.

219 1639 275 1672 Die
300 1640 463 1681 Thatsache,
502 1643 555 1682 daß
592 1643 659 1674 alle
684 1641 906 1683 Fortschritte
944 1643 990 1676 der
1028 1644 1146 1684 Technik

127 1703 195 1726 nur
220 1695 270 1725 die
289 1694 609 1735 Maschinenarbeit
626 1695 683 1727 und
709 1695 762 1727 das
781 1695 868 1735 Wohl
894 1698 941 1729 der
966 1698 1147 1738 Maschinen­

128 1747 231 1788 besitzer
257 1747 416 1787 fördern,
453 1749 495 1781 die
530 1748 699 1788 menschliche
724 1749 902 1790 Handarbeit
936 1752 1059 1793 dagegen
1084 1762 1145 1785 ver-
