<?xml version="1.0" encoding="UTF-8" standalone="no"?><PcGts pcGtsId="Page1" xmlns:xsi="http://www.w3.org/2001/XMLSchema-instance" xsi:schemaLocation="http://schema.primaresearch.org/PAGE/gts/pagecontent/2019-07-15 http://schema.primaresearch.org/PAGE/gts/pagecontent/2019-07-15/pagecontent.xsd" xmlns="http://schema.primaresearch.org/PAGE/gts/pagecontent/2019-07-15"><Metadata><Creator/><Created>1970-01-01T01:00:00</Created><LastChange>1970-01-01T01:00:00</LastChange><Comments>Converted from ALTO

Measurement unit: pixel
OCR Processing Information
OCR:
  Date: 2017-03-22
    Creator: ABBYY
    Name: ABBYY FineReader Engine
    Version: 11
  Software: 
Physical image number: 1</Comments></Metadata><Page imageFilename="DEFAULT/FILE_0012_DEFAULT.jpg" imageHeight="1959" imageWidth="1323"><PrintSpace><Coords points="84,86 1131,86 1131,1797 84,1797"/></PrintSpace><TextRegion id="Page1_Block1"><Coords points="585,3 614,3 614,42 585,42"/><TextLine id="l1"><Coords points="591,10 607,10 607,36 591,36"/><Word id="w1"><Coords points="591,10 607,10 607,36 591,36"/><TextEquiv><Unicode>e</Unicode></TextEquiv></Word><TextEquiv><Unicode>e</Unicode></TextEquiv></TextLine><TextEquiv><Unicode>e</Unicode></TextEquiv></TextRegion><TextRegion id="Page1_Block2"><Coords points="93,91 1133,91 1133,1798 93,1798 93,91"/><TextLine id="l2"><Coords points="94,92 1112,92 1112,140 94,140"/><Word id="w2"><Coords points="94,99 134,99 134,132 94,132"/><TextEquiv><Unicode>da</Unicode></TextEquiv></Word><Word id="w3"><Coords points="149,105 165,105 165,130 149,130"/><TextEquiv><Unicode>s</Unicode></TextEquiv></Word><Word id="w4"><Coords points="190,98 288,98 288,139 190,139"/><TextEquiv><Unicode>große</Unicode></TextEquiv></Word><Word id="w5"><Coords points="312,96 437,96 437,130 312,130"/><TextEquiv><Unicode>Mittel</Unicode></TextEquiv></Word><Word id="w6"><Coords points="462,106 493,106 493,137 462,137"/><TextEquiv><Unicode>zu</Unicode></TextEquiv></Word><Word id="w7"><Coords points="519,94 657,94 657,133 519,133"/><TextEquiv><Unicode>erblicken,</Unicode></TextEquiv></Word><Word id="w8"><Coords points="692,95 745,95 745,127 692,127"/><TextEquiv><Unicode>das</Unicode></TextEquiv></Word><Word id="w9"><Coords points="770,94 873,94 873,133 770,133"/><TextEquiv><Unicode>endlich</Unicode></TextEquiv></Word><Word id="w10"><Coords points="898,103 947,103 947,134 898,134"/><TextEquiv><Unicode>zur</Unicode></TextEquiv></Word><Word id="w11"><Coords points="972,94 1112,94 1112,136 972,136"/><TextEquiv><Unicode>Lösung</Unicode></TextEquiv></Word><TextEquiv><Unicode>da s große Mittel zu erblicken, das endlich zur Lösung</Unicode></TextEquiv></TextLine><TextLine id="l3"><Coords points="91,146 1113,146 1113,193 91,193"/><Word id="w12"><Coords points="91,153 145,153 145,185 91,185"/><TextEquiv><Unicode>der</Unicode></TextEquiv></Word><Word id="w13"><Coords points="171,152 320,152 320,191 171,191"/><TextEquiv><Unicode>socialen</Unicode></TextEquiv></Word><Word id="w14"><Coords points="345,150 466,150 466,191 345,191"/><TextEquiv><Unicode>Frage</Unicode></TextEquiv></Word><Word id="w15"><Coords points="502,148 605,148 605,190 502,190"/><TextEquiv><Unicode>führen</Unicode></TextEquiv></Word><Word id="w16"><Coords points="630,148 742,148 742,189 630,189"/><TextEquiv><Unicode>wird.*)</Unicode></TextEquiv></Word><Word id="w17"><Coords points="790,148 874,148 874,187 790,187"/><TextEquiv><Unicode>Diese</Unicode></TextEquiv></Word><Word id="w18"><Coords points="900,146 1011,146 1011,188 900,188"/><TextEquiv><Unicode>Lösung</Unicode></TextEquiv></Word><Word id="w19"><Coords points="1046,148 1113,148 1113,186 1046,186"/><TextEquiv><Unicode>muß</Unicode></TextEquiv></Word><TextEquiv><Unicode>der socialen Frage führen wird.*) Diese Lösung muß</Unicode></TextEquiv></TextLine><TextLine id="l4"><Coords points="91,200 1114,200 1114,247 91,247"/><Word id="w20"><Coords points="91,205 157,205 157,239 91,239"/><TextEquiv><Unicode>aber</Unicode></TextEquiv></Word><Word id="w21"><Coords points="193,205 239,205 239,237 193,237"/><TextEquiv><Unicode>der</Unicode></TextEquiv></Word><Word id="w22"><Coords points="264,203 375,203 375,245 264,245"/><TextEquiv><Unicode>Lösung</Unicode></TextEquiv></Word><Word id="w23"><Coords points="413,204 460,204 460,235 413,235"/><TextEquiv><Unicode>der</Unicode></TextEquiv></Word><Word id="w24"><Coords points="492,202 596,202 596,245 492,245"/><TextEquiv><Unicode>großen</Unicode></TextEquiv></Word><Word id="w25"><Coords points="634,201 836,201 836,242 634,242"/><TextEquiv><Unicode>politischen</Unicode></TextEquiv></Word><Word id="w26"><Coords points="876,200 1018,200 1018,242 876,242"/><TextEquiv><Unicode>Fragen</Unicode></TextEquiv></Word><Word id="w27"><Coords points="1056,200 1114,200 1114,233 1056,233"/><TextEquiv><Unicode>der</Unicode></TextEquiv></Word><TextEquiv><Unicode>aber der Lösung der großen politischen Fragen der</Unicode></TextEquiv></TextLine><TextLine id="l5"><Coords points="93,255 714,255 714,300 93,300"/><Word id="w28"><Coords points="93,258 301,258 301,300 93,300"/><TextEquiv><Unicode>Gegenwart</Unicode></TextEquiv></Word><Word id="w29"><Coords points="327,256 480,256 480,298 327,298"/><TextEquiv><Unicode>unbedingt</Unicode></TextEquiv></Word><Word id="w30"><Coords points="505,255 714,255 714,296 505,296"/><TextEquiv><Unicode>vorauSgchen.</Unicode></TextEquiv></Word><TextEquiv><Unicode>Gegenwart unbedingt vorauSgchen.</Unicode></TextEquiv></TextLine><TextLine id="l6"><Coords points="181,306 1113,306 1113,351 181,351"/><Word id="w31"><Coords points="181,311 245,311 245,343 181,343"/><TextEquiv><Unicode>Mit</Unicode></TextEquiv></Word><Word id="w32"><Coords points="278,309 415,309 415,343 278,343"/><TextEquiv><Unicode>kleinen</Unicode></TextEquiv></Word><Word id="w33"><Coords points="441,308 651,308 651,348 441,348"/><TextEquiv><Unicode>Mittelchen</Unicode></TextEquiv></Word><Word id="w34"><Coords points="683,307 781,307 781,349 683,349"/><TextEquiv><Unicode>behilft</Unicode></TextEquiv></Word><Word id="w35"><Coords points="806,317 875,317 875,340 806,340"/><TextEquiv><Unicode>man</Unicode></TextEquiv></Word><Word id="w36"><Coords points="910,307 959,307 959,346 910,346"/><TextEquiv><Unicode>sich</Unicode></TextEquiv></Word><Word id="w37"><Coords points="984,307 1050,307 1050,346 984,346"/><TextEquiv><Unicode>auch</Unicode></TextEquiv></Word><Word id="w38"><Coords points="1085,308 1113,308 1113,339 1085,339"/><TextEquiv><Unicode>in</Unicode></TextEquiv></Word><TextEquiv><Unicode>Mit kleinen Mittelchen behilft man sich auch in</Unicode></TextEquiv></TextLine><TextLine id="l7"><Coords points="93,359 1113,359 1113,405 93,405"/><Word id="w39"><Coords points="93,364 204,364 204,404 93,404"/><TextEquiv><Unicode>Betreff</Unicode></TextEquiv></Word><Word id="w40"><Coords points="230,364 276,364 276,396 230,396"/><TextEquiv><Unicode>der</Unicode></TextEquiv></Word><Word id="w41"><Coords points="303,363 433,363 433,404 303,404"/><TextEquiv><Unicode>letzteren,</Unicode></TextEquiv></Word><Word id="w42"><Coords points="458,361 590,361 590,401 458,401"/><TextEquiv><Unicode>während</Unicode></TextEquiv></Word><Word id="w43"><Coords points="616,361 681,361 681,400 616,400"/><TextEquiv><Unicode>auch</Unicode></TextEquiv></Word><Word id="w44"><Coords points="707,362 764,362 764,400 707,400"/><TextEquiv><Unicode>hier</Unicode></TextEquiv></Word><Word id="w45"><Coords points="788,361 869,361 869,393 788,393"/><TextEquiv><Unicode>Alles</Unicode></TextEquiv></Word><Word id="w46"><Coords points="897,371 927,371 927,400 897,400"/><TextEquiv><Unicode>zu</Unicode></TextEquiv></Word><Word id="w47"><Coords points="953,361 1028,361 1028,394 953,394"/><TextEquiv><Unicode>einer</Unicode></TextEquiv></Word><Word id="w48"><Coords points="1053,371 1113,371 1113,393 1053,393"/><TextEquiv><Unicode>um­</Unicode></TextEquiv></Word><TextEquiv><Unicode>Betreff der letzteren, während auch hier Alles zu einer um­</Unicode></TextEquiv></TextLine><TextLine id="l8"><Coords points="92,413 1114,413 1114,460 92,460"/><Word id="w49"><Coords points="92,418 233,418 233,460 92,460"/><TextEquiv><Unicode>fassenden</Unicode></TextEquiv></Word><Word id="w50"><Coords points="240,416 460,416 460,459 240,459"/><TextEquiv><Unicode>Neugestaltung</Unicode></TextEquiv></Word><Word id="w51"><Coords points="472,416 583,416 583,457 472,457"/><TextEquiv><Unicode>drängt,</Unicode></TextEquiv></Word><Word id="w52"><Coords points="595,415 636,415 636,447 595,447"/><TextEquiv><Unicode>die</Unicode></TextEquiv></Word><Word id="w53"><Coords points="648,416 695,416 695,447 648,447"/><TextEquiv><Unicode>der</Unicode></TextEquiv></Word><Word id="w54"><Coords points="707,414 858,414 858,448 707,448"/><TextEquiv><Unicode>modernen</Unicode></TextEquiv></Word><Word id="w55"><Coords points="865,414 1045,414 1045,453 865,453"/><TextEquiv><Unicode>Civilisation</Unicode></TextEquiv></Word><Word id="w56"><Coords points="1059,414 1114,414 1114,446 1059,446"/><TextEquiv><Unicode>und</Unicode></TextEquiv></Word><TextEquiv><Unicode>fassenden Neugestaltung drängt, die der modernen Civilisation und</Unicode></TextEquiv></TextLine><TextLine id="l9"><Coords points="94,466 1115,466 1115,514 94,514"/><Word id="w57"><Coords points="94,473 154,473 154,506 94,506"/><TextEquiv><Unicode>dem</Unicode></TextEquiv></Word><Word id="w58"><Coords points="191,471 374,471 374,513 191,513"/><TextEquiv><Unicode>allgemeinen</Unicode></TextEquiv></Word><Word id="w59"><Coords points="411,468 704,468 704,509 411,509"/><TextEquiv><Unicode>FricdenSbedürfniß</Unicode></TextEquiv></Word><Word id="w60"><Coords points="743,468 789,468 789,501 743,501"/><TextEquiv><Unicode>der</Unicode></TextEquiv></Word><Word id="w61"><Coords points="826,467 929,467 929,500 826,500"/><TextEquiv><Unicode>Völker</Unicode></TextEquiv></Word><Word id="w62"><Coords points="966,467 1115,467 1115,508 966,508"/><TextEquiv><Unicode>Europa's</Unicode></TextEquiv></Word><TextEquiv><Unicode>dem allgemeinen FricdenSbedürfniß der Völker Europa's</Unicode></TextEquiv></TextLine><TextLine id="l10"><Coords points="94,519 1114,519 1114,566 94,566"/><Word id="w63"><Coords points="94,525 248,525 248,566 94,566"/><TextEquiv><Unicode>entspricht.</Unicode></TextEquiv></Word><Word id="w64"><Coords points="296,523 365,523 365,556 296,556"/><TextEquiv><Unicode>Das</Unicode></TextEquiv></Word><Word id="w65"><Coords points="393,522 511,522 511,563 393,563"/><TextEquiv><Unicode>System</Unicode></TextEquiv></Word><Word id="w66"><Coords points="544,521 593,521 593,554 544,554"/><TextEquiv><Unicode>des</Unicode></TextEquiv></Word><Word id="w67"><Coords points="621,521 842,521 842,554 621,554"/><TextEquiv><Unicode>Militarismus</Unicode></TextEquiv></Word><Word id="w68"><Coords points="874,521 932,521 932,553 874,553"/><TextEquiv><Unicode>und</Unicode></TextEquiv></Word><Word id="w69"><Coords points="962,521 1009,521 1009,553 962,553"/><TextEquiv><Unicode>der</Unicode></TextEquiv></Word><Word id="w70"><Coords points="1041,522 1114,522 1114,552 1041,552"/><TextEquiv><Unicode>ein­</Unicode></TextEquiv></Word><TextEquiv><Unicode>entspricht. Das System des Militarismus und der ein­</Unicode></TextEquiv></TextLine><TextLine id="l11"><Coords points="95,568 1115,568 1115,620 95,620"/><Word id="w71"><Coords points="95,572 242,572 242,619 95,619"/><TextEquiv><Unicode>seitigen</Unicode></TextEquiv></Word><Word id="w72"><Coords points="280,576 493,576 493,616 280,616"/><TextEquiv><Unicode>Selbsthilfe</Unicode></TextEquiv></Word><Word id="w73"><Coords points="530,575 571,575 571,607 530,607"/><TextEquiv><Unicode>bei</Unicode></TextEquiv></Word><Word id="w74"><Coords points="607,574 850,574 850,607 607,607"/><TextEquiv><Unicode>internationalen</Unicode></TextEquiv></Word><Word id="w75"><Coords points="887,572 1115,572 1115,616 887,616"/><TextEquiv><Unicode>Streitigkeiten,</Unicode></TextEquiv></Word><TextEquiv><Unicode>seitigen Selbsthilfe bei internationalen Streitigkeiten,</Unicode></TextEquiv></TextLine><TextLine id="l12"><Coords points="98,626 1116,626 1116,672 98,672"/><Word id="w76"><Coords points="98,650 133,650 133,654 98,654"/><TextEquiv><Unicode>—</Unicode></TextEquiv></Word><Word id="w77"><Coords points="156,632 207,632 207,663 156,663"/><TextEquiv><Unicode>mit</Unicode></TextEquiv></Word><Word id="w78"><Coords points="230,632 320,632 320,664 230,664"/><TextEquiv><Unicode>einem</Unicode></TextEquiv></Word><Word id="w79"><Coords points="338,629 437,629 437,662 338,662"/><TextEquiv><Unicode>Worte</Unicode></TextEquiv></Word><Word id="w80"><Coords points="464,630 505,630 505,660 464,660"/><TextEquiv><Unicode>die</Unicode></TextEquiv></Word><Word id="w81"><Coords points="523,628 754,628 754,669 523,669"/><TextEquiv><Unicode>Faustrechts-</Unicode></TextEquiv></Word><Word id="w82"><Coords points="775,628 838,628 838,659 775,659"/><TextEquiv><Unicode>oder</Unicode></TextEquiv></Word><Word id="w83"><Coords points="855,627 1116,627 1116,668 855,668"/><TextEquiv><Unicode>Kriegspraxis</Unicode></TextEquiv></Word><TextEquiv><Unicode>— mit einem Worte die Faustrechts- oder Kriegspraxis</Unicode></TextEquiv></TextLine><TextLine id="l13"><Coords points="95,678 1115,678 1115,725 95,725"/><Word id="w84"><Coords points="95,684 162,684 162,724 95,724"/><TextEquiv><Unicode>muß</Unicode></TextEquiv></Word><Word id="w85"><Coords points="201,685 323,685 323,716 201,716"/><TextEquiv><Unicode>Seitens</Unicode></TextEquiv></Word><Word id="w86"><Coords points="361,683 407,683 407,714 361,714"/><TextEquiv><Unicode>der</Unicode></TextEquiv></Word><Word id="w87"><Coords points="444,680 604,680 604,720 444,720"/><TextEquiv><Unicode>civilisirtcn</Unicode></TextEquiv></Word><Word id="w88"><Coords points="642,681 769,681 769,713 642,713"/><TextEquiv><Unicode>Staaten</Unicode></TextEquiv></Word><Word id="w89"><Coords points="807,680 908,680 908,717 807,717"/><TextEquiv><Unicode>endlich</Unicode></TextEquiv></Word><Word id="w90"><Coords points="946,680 1115,680 1115,721 946,721"/><TextEquiv><Unicode>aufgegeben</Unicode></TextEquiv></Word><TextEquiv><Unicode>muß Seitens der civilisirtcn Staaten endlich aufgegeben</Unicode></TextEquiv></TextLine><TextLine id="l14"><Coords points="94,739 215,739 215,771 94,771"/><Word id="w91"><Coords points="94,739 215,739 215,771 94,771"/><TextEquiv><Unicode>werden.</Unicode></TextEquiv></Word><TextEquiv><Unicode>werden.</Unicode></TextEquiv></TextLine><TextLine id="l15"><Coords points="185,785 1116,785 1116,831 185,831"/><Word id="w92"><Coords points="185,791 241,791 241,822 185,822"/><TextEquiv><Unicode>Die</Unicode></TextEquiv></Word><Word id="w93"><Coords points="301,789 504,789 504,829 301,829"/><TextEquiv><Unicode>verschiedenen</Unicode></TextEquiv></Word><Word id="w94"><Coords points="565,786 904,786 904,829 565,829"/><TextEquiv><Unicode>Friedensgesellschaften</Unicode></TextEquiv></Word><Word id="w95"><Coords points="972,786 1116,786 1116,828 972,828"/><TextEquiv><Unicode>verfolgen</Unicode></TextEquiv></Word><TextEquiv><Unicode>Die verschiedenen Friedensgesellschaften verfolgen</Unicode></TextEquiv></TextLine><TextLine id="l16"><Coords points="98,839 1114,839 1114,885 98,885"/><Word id="w96"><Coords points="98,844 148,844 148,878 98,878"/><TextEquiv><Unicode>den</Unicode></TextEquiv></Word><Word id="w97"><Coords points="184,844 314,844 314,883 184,883"/><TextEquiv><Unicode>löblichen</Unicode></TextEquiv></Word><Word id="w98"><Coords points="341,843 440,843 440,883 341,883"/><TextEquiv><Unicode>Zweck,</Unicode></TextEquiv></Word><Word id="w99"><Coords points="477,842 562,842 562,882 477,882"/><TextEquiv><Unicode>dieses</Unicode></TextEquiv></Word><Word id="w100"><Coords points="588,840 821,840 821,881 588,881"/><TextEquiv><Unicode>Mißverhältnis;</Unicode></TextEquiv></Word><Word id="w101"><Coords points="855,840 973,840 973,879 855,879"/><TextEquiv><Unicode>dadurch</Unicode></TextEquiv></Word><Word id="w102"><Coords points="1006,850 1037,850 1037,879 1006,879"/><TextEquiv><Unicode>zu</Unicode></TextEquiv></Word><Word id="w103"><Coords points="1072,840 1114,840 1114,871 1072,871"/><TextEquiv><Unicode>be­</Unicode></TextEquiv></Word><TextEquiv><Unicode>den löblichen Zweck, dieses Mißverhältnis; dadurch zu be­</Unicode></TextEquiv></TextLine><TextLine id="l17"><Coords points="97,893 1116,893 1116,940 97,940"/><Word id="w104"><Coords points="97,899 219,899 219,940 97,940"/><TextEquiv><Unicode>seitigen,</Unicode></TextEquiv></Word><Word id="w105"><Coords points="238,898 291,898 291,936 238,936"/><TextEquiv><Unicode>daß</Unicode></TextEquiv></Word><Word id="w106"><Coords points="317,896 350,896 350,936 317,936"/><TextEquiv><Unicode>sic</Unicode></TextEquiv></Word><Word id="w107"><Coords points="377,897 424,897 424,936 377,936"/><TextEquiv><Unicode>für</Unicode></TextEquiv></Word><Word id="w108"><Coords points="450,899 491,899 491,928 450,928"/><TextEquiv><Unicode>die</Unicode></TextEquiv></Word><Word id="w109"><Coords points="516,895 699,895 699,937 516,937"/><TextEquiv><Unicode>Schlichtung</Unicode></TextEquiv></Word><Word id="w110"><Coords points="725,895 960,895 960,928 725,928"/><TextEquiv><Unicode>internationaler</Unicode></TextEquiv></Word><Word id="w111"><Coords points="979,893 1116,893 1116,933 979,933"/><TextEquiv><Unicode>Conflicte</Unicode></TextEquiv></Word><TextEquiv><Unicode>seitigen, daß sic für die Schlichtung internationaler Conflicte</Unicode></TextEquiv></TextLine><TextLine id="l18"><Coords points="102,947 1117,947 1117,993 102,993"/><Word id="w112"><Coords points="102,952 183,952 183,991 102,991"/><TextEquiv><Unicode>durch</Unicode></TextEquiv></Word><Word id="w113"><Coords points="209,952 330,952 330,992 209,992"/><TextEquiv><Unicode>jeweilig</Unicode></TextEquiv></Word><Word id="w114"><Coords points="355,950 549,950 549,991 355,991"/><TextEquiv><Unicode>einzusetzende</Unicode></TextEquiv></Word><Word id="w115"><Coords points="573,948 864,948 864,990 573,990"/><TextEquiv><Unicode>Schiedsgerichte</Unicode></TextEquiv></Word><Word id="w116"><Coords points="901,948 1036,948 1036,981 901,981"/><TextEquiv><Unicode>eintretcn</Unicode></TextEquiv></Word><Word id="w117"><Coords points="1061,947 1117,947 1117,979 1061,979"/><TextEquiv><Unicode>und</Unicode></TextEquiv></Word><TextEquiv><Unicode>durch jeweilig einzusetzende Schiedsgerichte eintretcn und</Unicode></TextEquiv></TextLine><TextLine id="l19"><Coords points="99,1000 1118,1000 1118,1046 99,1046"/><Word id="w118"><Coords points="99,1006 140,1006 140,1038 99,1038"/><TextEquiv><Unicode>die</Unicode></TextEquiv></Word><Word id="w119"><Coords points="177,1005 328,1005 328,1044 177,1044"/><TextEquiv><Unicode>öffentliche</Unicode></TextEquiv></Word><Word id="w120"><Coords points="354,1004 500,1004 500,1044 354,1044"/><TextEquiv><Unicode>Meinung</Unicode></TextEquiv></Word><Word id="w121"><Coords points="534,1002 618,1002 618,1043 534,1043"/><TextEquiv><Unicode>dafür</Unicode></TextEquiv></Word><Word id="w122"><Coords points="655,1013 686,1013 686,1042 655,1042"/><TextEquiv><Unicode>zu</Unicode></TextEquiv></Word><Word id="w123"><Coords points="720,1002 875,1002 875,1034 720,1034"/><TextEquiv><Unicode>erwärmen</Unicode></TextEquiv></Word><Word id="w124"><Coords points="910,1000 1012,1000 1012,1040 910,1040"/><TextEquiv><Unicode>suchen.</Unicode></TextEquiv></Word><Word id="w125"><Coords points="1062,1000 1118,1000 1118,1032 1062,1032"/><TextEquiv><Unicode>Die</Unicode></TextEquiv></Word><TextEquiv><Unicode>die öffentliche Meinung dafür zu erwärmen suchen. Die</Unicode></TextEquiv></TextLine><TextLine id="l20"><Coords points="101,1054 1116,1054 1116,1101 101,1101"/><Word id="w126"><Coords points="101,1059 257,1059 257,1101 101,1101"/><TextEquiv><Unicode>Anhänger</Unicode></TextEquiv></Word><Word id="w127"><Coords points="282,1058 331,1058 331,1089 282,1089"/><TextEquiv><Unicode>des</Unicode></TextEquiv></Word><Word id="w128"><Coords points="349,1056 570,1056 570,1089 349,1089"/><TextEquiv><Unicode>Militarismus</Unicode></TextEquiv></Word><Word id="w129"><Coords points="596,1056 706,1056 706,1093 596,1093"/><TextEquiv><Unicode>machen</Unicode></TextEquiv></Word><Word id="w130"><Coords points="732,1055 792,1055 792,1087 732,1087"/><TextEquiv><Unicode>dem</Unicode></TextEquiv></Word><Word id="w131"><Coords points="818,1055 972,1055 972,1096 818,1096"/><TextEquiv><Unicode>gegenüber</Unicode></TextEquiv></Word><Word id="w132"><Coords points="998,1054 1116,1054 1116,1094 998,1094"/><TextEquiv><Unicode>geltend,</Unicode></TextEquiv></Word><TextEquiv><Unicode>Anhänger des Militarismus machen dem gegenüber geltend,</Unicode></TextEquiv></TextLine><TextLine id="l21"><Coords points="100,1107 1117,1107 1117,1152 100,1152"/><Word id="w133"><Coords points="100,1112 154,1112 154,1152 100,1152"/><TextEquiv><Unicode>daß</Unicode></TextEquiv></Word><Word id="w134"><Coords points="188,1112 260,1112 260,1144 188,1144"/><TextEquiv><Unicode>keine</Unicode></TextEquiv></Word><Word id="w135"><Coords points="296,1110 470,1110 470,1149 296,1149"/><TextEquiv><Unicode>Großmacht</Unicode></TextEquiv></Word><Word id="w136"><Coords points="504,1111 545,1111 545,1142 504,1142"/><TextEquiv><Unicode>die</Unicode></TextEquiv></Word><Word id="w137"><Coords points="576,1108 779,1108 779,1149 576,1149"/><TextEquiv><Unicode>Entscheidung</Unicode></TextEquiv></Word><Word id="w138"><Coords points="813,1108 880,1108 880,1140 813,1140"/><TextEquiv><Unicode>über</Unicode></TextEquiv></Word><Word id="w139"><Coords points="915,1108 971,1108 971,1146 915,1146"/><TextEquiv><Unicode>ihre</Unicode></TextEquiv></Word><Word id="w140"><Coords points="1006,1108 1117,1108 1117,1147 1006,1147"/><TextEquiv><Unicode>eigenen</Unicode></TextEquiv></Word><TextEquiv><Unicode>daß keine Großmacht die Entscheidung über ihre eigenen</Unicode></TextEquiv></TextLine><TextLine id="l22"><Coords points="101,1159 1120,1159 1120,1204 101,1204"/><Word id="w141"><Coords points="101,1165 273,1165 273,1204 101,1204"/><TextEquiv><Unicode>Jntercffen,</Unicode></TextEquiv></Word><Word id="w142"><Coords points="299,1164 391,1164 391,1202 299,1202"/><TextEquiv><Unicode>soweit</Unicode></TextEquiv></Word><Word id="w143"><Coords points="431,1170 461,1170 461,1194 431,1194"/><TextEquiv><Unicode>es</Unicode></TextEquiv></Word><Word id="w144"><Coords points="498,1163 546,1163 546,1200 498,1200"/><TextEquiv><Unicode>sich</Unicode></TextEquiv></Word><Word id="w145"><Coords points="587,1162 656,1162 656,1199 587,1199"/><TextEquiv><Unicode>nicht</Unicode></TextEquiv></Word><Word id="w146"><Coords points="693,1172 740,1172 740,1193 693,1193"/><TextEquiv><Unicode>um</Unicode></TextEquiv></Word><Word id="w147"><Coords points="781,1160 987,1160 987,1192 781,1192"/><TextEquiv><Unicode>unbedeutende</Unicode></TextEquiv></Word><Word id="w148"><Coords points="1024,1159 1120,1159 1120,1199 1024,1199"/><TextEquiv><Unicode>Dinge</Unicode></TextEquiv></Word><TextEquiv><Unicode>Jntercffen, soweit es sich nicht um unbedeutende Dinge</Unicode></TextEquiv></TextLine><TextLine id="l23"><Coords points="104,1212 1118,1212 1118,1257 104,1257"/><Word id="w149"><Coords points="104,1218 225,1218 225,1256 104,1256"/><TextEquiv><Unicode>handelt,</Unicode></TextEquiv></Word><Word id="w150"><Coords points="252,1223 307,1223 307,1249 252,1249"/><TextEquiv><Unicode>aus</Unicode></TextEquiv></Word><Word id="w151"><Coords points="332,1216 382,1216 382,1248 332,1248"/><TextEquiv><Unicode>den</Unicode></TextEquiv></Word><Word id="w152"><Coords points="407,1215 527,1215 527,1254 407,1254"/><TextEquiv><Unicode>Händen</Unicode></TextEquiv></Word><Word id="w153"><Coords points="559,1216 643,1216 643,1254 559,1254"/><TextEquiv><Unicode>geben</Unicode></TextEquiv></Word><Word id="w154"><Coords points="669,1215 733,1215 733,1246 669,1246"/><TextEquiv><Unicode>oder</Unicode></TextEquiv></Word><Word id="w155"><Coords points="763,1215 814,1215 814,1245 763,1245"/><TextEquiv><Unicode>den</Unicode></TextEquiv></Word><Word id="w156"><Coords points="839,1213 993,1213 993,1253 839,1253"/><TextEquiv><Unicode>jeweiligen</Unicode></TextEquiv></Word><Word id="w157"><Coords points="1019,1222 1050,1222 1050,1251 1019,1251"/><TextEquiv><Unicode>zu</Unicode></TextEquiv></Word><Word id="w158"><Coords points="1076,1222 1118,1222 1118,1243 1076,1243"/><TextEquiv><Unicode>er­</Unicode></TextEquiv></Word><TextEquiv><Unicode>handelt, aus den Händen geben oder den jeweiligen zu er­</Unicode></TextEquiv></TextLine><TextLine id="l24"><Coords points="102,1264 1119,1264 1119,1309 102,1309"/><Word id="w159"><Coords points="102,1271 266,1271 266,1303 102,1303"/><TextEquiv><Unicode>nennenden</Unicode></TextEquiv></Word><Word id="w160"><Coords points="285,1269 526,1269 526,1308 285,1308"/><TextEquiv><Unicode>Schiedsrichtern</Unicode></TextEquiv></Word><Word id="w161"><Coords points="557,1267 710,1267 710,1305 557,1305"/><TextEquiv><Unicode>überlasten</Unicode></TextEquiv></Word><Word id="w162"><Coords points="740,1266 834,1266 834,1299 740,1299"/><TextEquiv><Unicode>könne.</Unicode></TextEquiv></Word><Word id="w163"><Coords points="883,1265 934,1265 934,1303 883,1303"/><TextEquiv><Unicode>In</Unicode></TextEquiv></Word><Word id="w164"><Coords points="952,1264 1008,1264 1008,1297 952,1297"/><TextEquiv><Unicode>der</Unicode></TextEquiv></Word><Word id="w165"><Coords points="1025,1264 1119,1264 1119,1302 1025,1302"/><TextEquiv><Unicode>Thal</Unicode></TextEquiv></Word><TextEquiv><Unicode>nennenden Schiedsrichtern überlasten könne. In der Thal</Unicode></TextEquiv></TextLine><TextLine id="l25"><Coords points="102,1317 1120,1317 1120,1363 102,1363"/><Word id="w166"><Coords points="102,1323 173,1323 173,1357 102,1357"/><TextEquiv><Unicode>wird</Unicode></TextEquiv></Word><Word id="w167"><Coords points="210,1323 274,1323 274,1361 210,1361"/><TextEquiv><Unicode>auch</Unicode></TextEquiv></Word><Word id="w168"><Coords points="311,1321 391,1321 391,1361 311,1361"/><TextEquiv><Unicode>durch</Unicode></TextEquiv></Word><Word id="w169"><Coords points="429,1321 473,1321 473,1352 429,1352"/><TextEquiv><Unicode>ein</Unicode></TextEquiv></Word><Word id="w170"><Coords points="510,1320 635,1320 635,1357 510,1357"/><TextEquiv><Unicode>bloßes</Unicode></TextEquiv></Word><Word id="w171"><Coords points="672,1318 974,1318 974,1360 672,1360"/><TextEquiv><Unicode>Schiedsgerichts</Unicode></TextEquiv></Word><Word id="w172"><Coords points="989,1317 1120,1317 1120,1356 989,1356"/><TextEquiv><Unicode>system,</Unicode></TextEquiv></Word><TextEquiv><Unicode>wird auch durch ein bloßes Schiedsgerichts system,</Unicode></TextEquiv></TextLine><TextLine id="l26"><Coords points="103,1371 1120,1371 1120,1416 103,1416"/><Word id="w173"><Coords points="103,1377 190,1377 190,1416 103,1416"/><TextEquiv><Unicode>dessen</Unicode></TextEquiv></Word><Word id="w174"><Coords points="216,1375 366,1375 366,1413 216,1413"/><TextEquiv><Unicode>Annahme</Unicode></TextEquiv></Word><Word id="w175"><Coords points="392,1375 452,1375 452,1406 392,1406"/><TextEquiv><Unicode>dem</Unicode></TextEquiv></Word><Word id="w176"><Coords points="478,1373 646,1373 646,1406 478,1406"/><TextEquiv><Unicode>Belieben</Unicode></TextEquiv></Word><Word id="w177"><Coords points="674,1374 720,1374 720,1405 674,1405"/><TextEquiv><Unicode>der</Unicode></TextEquiv></Word><Word id="w178"><Coords points="744,1372 884,1372 884,1412 744,1412"/><TextEquiv><Unicode>einzelnen</Unicode></TextEquiv></Word><Word id="w179"><Coords points="902,1371 1014,1371 1014,1410 902,1410"/><TextEquiv><Unicode>Mächte</Unicode></TextEquiv></Word><Word id="w180"><Coords points="1041,1371 1120,1371 1120,1402 1041,1402"/><TextEquiv><Unicode>über­</Unicode></TextEquiv></Word><TextEquiv><Unicode>dessen Annahme dem Belieben der einzelnen Mächte über­</Unicode></TextEquiv></TextLine><TextLine id="l27"><Coords points="104,1423 1121,1423 1121,1469 104,1469"/><Word id="w181"><Coords points="104,1427 188,1427 188,1468 104,1468"/><TextEquiv><Unicode>lassen</Unicode></TextEquiv></Word><Word id="w182"><Coords points="215,1429 307,1429 307,1464 215,1464"/><TextEquiv><Unicode>bleibt,</Unicode></TextEquiv></Word><Word id="w183"><Coords points="335,1429 389,1429 389,1460 335,1460"/><TextEquiv><Unicode>der</Unicode></TextEquiv></Word><Word id="w184"><Coords points="414,1428 516,1428 516,1467 414,1467"/><TextEquiv><Unicode>Krieg</Unicode></TextEquiv></Word><Word id="w185"><Coords points="542,1425 627,1425 627,1465 542,1465"/><TextEquiv><Unicode>nicht</Unicode></TextEquiv></Word><Word id="w186"><Coords points="654,1433 718,1433 718,1458 654,1458"/><TextEquiv><Unicode>aus</Unicode></TextEquiv></Word><Word id="w187"><Coords points="744,1426 801,1426 801,1457 744,1457"/><TextEquiv><Unicode>der</Unicode></TextEquiv></Word><Word id="w188"><Coords points="826,1424 927,1424 927,1457 826,1457"/><TextEquiv><Unicode>Welt</Unicode></TextEquiv></Word><Word id="w189"><Coords points="953,1424 1121,1424 1121,1465 953,1465"/><TextEquiv><Unicode>geschafft</Unicode></TextEquiv></Word><TextEquiv><Unicode>lassen bleibt, der Krieg nicht aus der Welt geschafft</Unicode></TextEquiv></TextLine><TextLine id="l28"><Coords points="104,1476 1119,1476 1119,1521 104,1521"/><Word id="w190"><Coords points="104,1483 224,1483 224,1515 104,1515"/><TextEquiv><Unicode>werden.</Unicode></TextEquiv></Word><Word id="w191"><Coords points="273,1481 375,1481 375,1520 273,1520"/><TextEquiv><Unicode>Dieses</Unicode></TextEquiv></Word><Word id="w192"><Coords points="399,1480 462,1480 462,1519 399,1519"/><TextEquiv><Unicode>Ziel</Unicode></TextEquiv></Word><Word id="w193"><Coords points="488,1480 516,1480 516,1518 488,1518"/><TextEquiv><Unicode>ist</Unicode></TextEquiv></Word><Word id="w194"><Coords points="543,1479 677,1479 677,1519 543,1519"/><TextEquiv><Unicode>vielmehr</Unicode></TextEquiv></Word><Word id="w195"><Coords points="702,1489 769,1489 769,1511 702,1511"/><TextEquiv><Unicode>nur</Unicode></TextEquiv></Word><Word id="w196"><Coords points="798,1478 878,1478 878,1517 798,1517"/><TextEquiv><Unicode>durch</Unicode></TextEquiv></Word><Word id="w197"><Coords points="903,1478 962,1478 962,1509 903,1509"/><TextEquiv><Unicode>eine</Unicode></TextEquiv></Word><Word id="w198"><Coords points="987,1476 1119,1476 1119,1509 987,1509"/><TextEquiv><Unicode>völker­</Unicode></TextEquiv></Word><TextEquiv><Unicode>werden. Dieses Ziel ist vielmehr nur durch eine völker­</Unicode></TextEquiv></TextLine><TextLine id="l29"><Coords points="104,1529 1122,1529 1122,1576 104,1576"/><Word id="w199"><Coords points="104,1535 251,1535 251,1574 104,1574"/><TextEquiv><Unicode>rechtlich</Unicode></TextEquiv></Word><Word id="w200"><Coords points="277,1545 311,1545 311,1574 277,1574"/><TextEquiv><Unicode>zu</Unicode></TextEquiv></Word><Word id="w201"><Coords points="340,1531 644,1531 644,1571 340,1571"/><TextEquiv><Unicode>sauctionirendc,</Unicode></TextEquiv></Word><Word id="w202"><Coords points="675,1532 864,1532 864,1573 675,1573"/><TextEquiv><Unicode>allgemein</Unicode></TextEquiv></Word><Word id="w203"><Coords points="890,1529 1122,1529 1122,1568 890,1568"/><TextEquiv><Unicode>verbindliche</Unicode></TextEquiv></Word><TextEquiv><Unicode>rechtlich zu sauctionirendc, allgemein verbindliche</Unicode></TextEquiv></TextLine><TextLine id="l30"><Coords points="104,1583 1122,1583 1122,1630 104,1630"/><Word id="w204"><Coords points="104,1589 160,1589 160,1622 104,1622"/><TextEquiv><Unicode>und</Unicode></TextEquiv></Word><Word id="w205"><Coords points="200,1586 431,1586 431,1629 200,1629"/><TextEquiv><Unicode>regelmäßige</Unicode></TextEquiv></Word><Word id="w206"><Coords points="491,1585 774,1585 774,1619 491,1619"/><TextEquiv><Unicode>internationale</Unicode></TextEquiv></Word><Word id="w207"><Coords points="816,1583 1122,1583 1122,1622 816,1622"/><TextEquiv><Unicode>Gerichtsbarkeit</Unicode></TextEquiv></Word><TextEquiv><Unicode>und regelmäßige internationale Gerichtsbarkeit</Unicode></TextEquiv></TextLine><TextLine id="l31"><Coords points="106,1636 1124,1636 1124,1683 106,1683"/><Word id="w208"><Coords points="106,1653 137,1653 137,1683 106,1683"/><TextEquiv><Unicode>zu</Unicode></TextEquiv></Word><Word id="w209"><Coords points="161,1641 305,1641 305,1681 161,1681"/><TextEquiv><Unicode>erreichen.</Unicode></TextEquiv></Word><Word id="w210"><Coords points="354,1641 421,1641 421,1672 354,1672"/><TextEquiv><Unicode>Das</Unicode></TextEquiv></Word><Word id="w211"><Coords points="454,1639 729,1639 729,1679 454,1679"/><TextEquiv><Unicode>Ncchtöprincip</Unicode></TextEquiv></Word><Word id="w212"><Coords points="766,1637 832,1637 832,1677 766,1677"/><TextEquiv><Unicode>muß</Unicode></TextEquiv></Word><Word id="w213"><Coords points="867,1638 968,1638 968,1676 867,1676"/><TextEquiv><Unicode>endlich</Unicode></TextEquiv></Word><Word id="w214"><Coords points="1003,1637 1068,1637 1068,1675 1003,1675"/><TextEquiv><Unicode>auch</Unicode></TextEquiv></Word><Word id="w215"><Coords points="1096,1638 1124,1638 1124,1669 1096,1669"/><TextEquiv><Unicode>in</Unicode></TextEquiv></Word><TextEquiv><Unicode>zu erreichen. Das Ncchtöprincip muß endlich auch in</Unicode></TextEquiv></TextLine><TextLine id="l32"><Coords points="178,1706 1123,1706 1123,1745 178,1745"/><Word id="w216"><Coords points="178,1712 204,1712 204,1745 178,1745"/><TextEquiv><Unicode>*)</Unicode></TextEquiv></Word><Word id="w217"><Coords points="226,1711 286,1711 286,1744 226,1744"/><TextEquiv><Unicode>Vgl.</Unicode></TextEquiv></Word><Word id="w218"><Coords points="309,1710 367,1710 367,1744 309,1744"/><TextEquiv><Unicode>auch</Unicode></TextEquiv></Word><Word id="w219"><Coords points="389,1710 466,1710 466,1737 389,1737"/><TextEquiv><Unicode>meine</Unicode></TextEquiv></Word><Word id="w220"><Coords points="488,1709 586,1709 586,1743 488,1743"/><TextEquiv><Unicode>Schrift</Unicode></TextEquiv></Word><Word id="w221"><Coords points="613,1709 702,1709 702,1742 613,1742"/><TextEquiv><Unicode>„Der</Unicode></TextEquiv></Word><Word id="w222"><Coords points="724,1707 955,1707 955,1740 724,1740"/><TextEquiv><Unicode>Anarchismus</Unicode></TextEquiv></Word><Word id="w223"><Coords points="979,1710 1039,1710 1039,1735 979,1735"/><TextEquiv><Unicode>und</Unicode></TextEquiv></Word><Word id="w224"><Coords points="1062,1710 1123,1710 1123,1734 1062,1734"/><TextEquiv><Unicode>das</Unicode></TextEquiv></Word><TextEquiv><Unicode>*) Vgl. auch meine Schrift „Der Anarchismus und das</Unicode></TextEquiv></TextLine><TextLine id="l33"><Coords points="108,1751 1123,1751 1123,1791 108,1791"/><Word id="w225"><Coords points="108,1757 200,1757 200,1791 108,1791"/><TextEquiv><Unicode>Recht</Unicode></TextEquiv></Word><Word id="w226"><Coords points="222,1757 272,1757 272,1783 222,1783"/><TextEquiv><Unicode>der</Unicode></TextEquiv></Word><Word id="w227"><Coords points="293,1755 471,1755 471,1788 293,1788"/><TextEquiv><Unicode>Schwachen</Unicode></TextEquiv></Word><Word id="w228"><Coords points="504,1753 578,1753 578,1782 504,1782"/><TextEquiv><Unicode>oder:</Unicode></TextEquiv></Word><Word id="w229"><Coords points="609,1753 659,1753 659,1781 609,1781"/><TextEquiv><Unicode>Die</Unicode></TextEquiv></Word><Word id="w230"><Coords points="680,1754 730,1754 730,1781 680,1781"/><TextEquiv><Unicode>drei</Unicode></TextEquiv></Word><Word id="w231"><Coords points="752,1752 906,1752 906,1782 752,1782"/><TextEquiv><Unicode>Grundübel</Unicode></TextEquiv></Word><Word id="w232"><Coords points="928,1751 1025,1751 1025,1784 928,1784"/><TextEquiv><Unicode>unserer</Unicode></TextEquiv></Word><Word id="w233"><Coords points="1046,1752 1123,1752 1123,1786 1046,1786"/><TextEquiv><Unicode>Zeit"</Unicode></TextEquiv></Word><TextEquiv><Unicode>Recht der Schwachen oder: Die drei Grundübel unserer Zeit"</Unicode></TextEquiv></TextLine><TextEquiv><Unicode>da s große Mittel zu erblicken, das endlich zur Lösung
der socialen Frage führen wird.*) Diese Lösung muß
aber der Lösung der großen politischen Fragen der
Gegenwart unbedingt vorauSgchen.
Mit kleinen Mittelchen behilft man sich auch in
Betreff der letzteren, während auch hier Alles zu einer um­
fassenden Neugestaltung drängt, die der modernen Civilisation und
dem allgemeinen FricdenSbedürfniß der Völker Europa's
entspricht. Das System des Militarismus und der ein­
seitigen Selbsthilfe bei internationalen Streitigkeiten,
— mit einem Worte die Faustrechts- oder Kriegspraxis
muß Seitens der civilisirtcn Staaten endlich aufgegeben
werden.
Die verschiedenen Friedensgesellschaften verfolgen
den löblichen Zweck, dieses Mißverhältnis; dadurch zu be­
seitigen, daß sic für die Schlichtung internationaler Conflicte
durch jeweilig einzusetzende Schiedsgerichte eintretcn und
die öffentliche Meinung dafür zu erwärmen suchen. Die
Anhänger des Militarismus machen dem gegenüber geltend,
daß keine Großmacht die Entscheidung über ihre eigenen
Jntercffen, soweit es sich nicht um unbedeutende Dinge
handelt, aus den Händen geben oder den jeweiligen zu er­
nennenden Schiedsrichtern überlasten könne. In der Thal
wird auch durch ein bloßes Schiedsgerichts system,
dessen Annahme dem Belieben der einzelnen Mächte über­
lassen bleibt, der Krieg nicht aus der Welt geschafft
werden. Dieses Ziel ist vielmehr nur durch eine völker­
rechtlich zu sauctionirendc, allgemein verbindliche
und regelmäßige internationale Gerichtsbarkeit
zu erreichen. Das Ncchtöprincip muß endlich auch in
*) Vgl. auch meine Schrift „Der Anarchismus und das
Recht der Schwachen oder: Die drei Grundübel unserer Zeit"</Unicode></TextEquiv></TextRegion><SeparatorRegion id="Page1_Block3"><Coords points="110,1697 241,1697 241,1700 110,1700"/></SeparatorRegion></Page></PcGts>