1294 1959
635 15 652 41 9

136 97 237 137 reich,
273 98 366 135 Rußl
383 98 446 130 and
473 98 529 130 und
555 98 784 138 Deutschland
822 98 851 129 in
877 97 989 136 Betreff
1015 98 1061 129 der
1098 97 1153 136 ost­

138 152 342 192 asiatischen
355 151 609 192 Angelegenheiten
624 152 680 183 und
694 152 746 183 das
758 161 817 193 eng
827 150 1154 191 lisch-französisch-

137 205 297 245 russische
323 205 464 244 Bündniß
491 205 519 236 in
537 205 650 243 Betreff
675 206 721 237 der
747 204 972 245 armenischen
999 204 1090 245 Frage
1116 222 1156 224 —

140 259 177 292 all
203 259 272 297 diese
297 258 457 298 Bündnisse
482 258 588 293 können
614 260 660 291 als
686 257 879 298 Vorstufen
906 257 953 296 für
979 258 1029 289 den
1047 256 1154 289 Welt-

138 313 406 347 Staatcnbuud
432 313 584 355 angesehen
609 313 718 346 werden
743 312 799 344 und
826 318 856 343 cs
881 312 1006 351 bedürfte
1032 321 1087 343 nur
1112 310 1159 342 der

140 368 296 406 Initiative
322 366 530 405 Rußlands,
558 366 783 407 Frankreichs
808 365 865 397 und
891 364 1157 404 Deutschlands,

142 425 197 454 um'
228 421 297 459 diese
322 420 482 459 Bündnisse
519 424 601 453 unter
626 421 746 453 Beitritt
784 419 830 451 der
868 417 1158 456 amerikanischen

141 475 280 512 Staaten,
318 475 400 512 sowie
436 473 580 513 Japans
615 475 671 506 und
710 474 847 512 Chinas
884 483 916 512 zu
952 472 1012 503 dem
1049 470 1157 504 Welt-

142 527 396 562 Staatcnbund
435 539 465 568 zu
503 529 657 561 erweitern.
706 528 777 560 Kein
814 527 906 558 Staat
944 527 1016 563 hätte
1053 525 1160 563 Anlaß,

145 584 193 622 sich
219 594 303 624 gegen
329 584 380 614 den
406 581 526 615 Beitritt
561 592 592 623 zu
617 582 756 618 sträuben,
794 580 865 613 denn
891 581 962 620 jeder
997 590 1052 612 von
1078 580 1161 618 ihnen

143 637 238 670 würde
275 637 367 673 seinen
402 636 521 674 höchsten
557 636 686 674 Vorthcil
722 636 801 666 dabei
838 633 941 671 finden.
992 635 1033 665 Es
1067 634 1162 666 würde

146 691 221 723 dann
247 691 340 721 keine
366 688 519 721 anderen
544 689 789 729 Machtfragen
815 688 893 726 mehr
918 687 1012 728 geben,
1032 688 1086 719 als
1112 687 1162 720 die

145 743 472 783 wirthschaftlichcn
510 742 578 774 und
616 742 910 775 intellectuellen.
959 741 1025 773 Von
1051 741 1163 782 größter

146 797 320 840 Wichtigkeit
345 797 374 834 ist
410 803 440 828 cs
464 796 613 838 übrigens,
648 797 702 834 daß
736 797 790 828 das
813 795 1083 835 Zustandekommen
1114 795 1164 827 des

148 852 483 886 Welt-Staatenbundcs
524 850 661 891 möglichst
710 851 773 882 bald
815 848 1016 890 bewerkstelligt
1064 848 1162 881 werde.

148 908 235 940 Denn
259 917 340 939 wenn
366 905 417 943 erst
456 904 565 943 China
591 905 656 942 nach
682 905 742 936 dem
780 903 913 941 Muster
950 903 1091 941 Japans
1116 902 1164 941 sich

150 960 310 1000 militärisch
347 958 498 1000 organisirt
524 958 613 997 haben
649 958 719 990 wird
745 958 801 990 imb
840 957 909 996 diese
946 958 1041 989 beiden
1066 955 1164 996 Reiche

153 1016 205 1048 mit
230 1015 310 1054 ihren
336 1017 465 1045 4—500
492 1012 651 1044 Millionen
678 1011 869 1051 Einwohnern
906 1021 986 1052 ganz
1024 1011 1165 1050 Europa

150 1069 326 1108 bedrohen
351 1068 468 1104 können,
495 1066 570 1098 dann
597 1066 627 1103 ist
653 1067 714 1105 eher
740 1068 783 1098 ein
809 1065 1013 1106 Weltkrieg,
1051 1066 1096 1097 als
1122 1065 1166 1096 ein

151 1122 452 1157 Welt-Staatcubund
477 1131 509 1161 zu
534 1123 683 1157 erwarten,
710 1139 750 1142 —
776 1120 821 1152 ein
845 1119 1007 1161 Weltkrieg,
1041 1120 1093 1151 wie
1117 1118 1167 1157 ihn

153 1178 195 1210 die
213 1177 292 1209 Welt
316 1176 380 1214 noch
406 1175 476 1213 nicht
501 1174 613 1214 gesehen
639 1175 694 1212 hat.
744 1173 860 1206 Darum
877 1173 962 1212 Hand
988 1173 1054 1204 an's
1072 1171 1167 1209 Werk,

153 1230 242 1263 damit
267 1236 296 1261 es
330 1229 444 1268 unserer
470 1227 647 1260 Generation
671 1227 808 1268 vergönnt
843 1227 899 1264 sein
923 1227 1012 1266 möge,
1045 1226 1096 1256 mit
1122 1224 1168 1254 der

154 1282 367 1325 Gründung
393 1282 453 1314 des
479 1279 902 1314 Welt-Staatenbundcs
927 1279 979 1311 das
1006 1278 1079 1315 erste
1098 1276 1167 1317 Fest

155 1337 214 1370 des
252 1337 466 1369 bleibenden
492 1334 669 1375 Friedens
707 1335 731 1367 d.
760 1335 784 1375 h.
823 1335 873 1366 den
900 1333 1069 1374 endgiltigen
1094 1331 1169 1372 Sieg

155 1391 202 1423 der
228 1392 332 1423 Cultur
366 1392 434 1423 über
459 1391 500 1423 die
526 1389 671 1422 Barbarei
706 1391 735 1421 in
760 1388 833 1421 allen
859 1388 989 1420 Ländern
1024 1387 1070 1419 der
1096 1387 1169 1420 Erde

156 1444 220 1485 noch
245 1455 295 1476 vor
320 1445 430 1485 Schluß
456 1444 505 1476 des
529 1443 638 1483 jetzigen
662 1441 881 1482 Jahrhunderts
906 1451 937 1481 zu
961 1441 1060 1480 feiern.
