1267 1959
618 33 634 60 8

118 119 218 160 Erfolg
243 119 368 160 begleitet
393 120 459 157 sein,
493 119 538 150 als
564 119 605 149 die
631 127 714 159 ganze
740 117 875 157 politische
899 116 1043 157 Weltlage
1070 117 1132 148 dar-

118 173 188 211 thut,
215 172 268 211 daß
294 173 340 204 der
366 171 607 212 Schwerpunkt
645 172 691 202 der
727 171 972 211 auswärtigen
998 169 1135 208 Politik

119 227 166 266 für
192 227 232 258 die
270 225 509 266 europäischen
536 224 723 264 Großmächte
761 225 816 265 jetzt
842 223 892 263 fast
931 222 1135 263 ausschließlich

119 281 148 312 in
188 280 239 312 den
280 279 583 320 Coionialfragen
626 278 689 309 oder
729 277 895 319 wenigstens
937 277 965 308 in
1006 275 1135 316 außer­

120 333 366 374 europäischen
393 332 505 375 Fragen
532 333 597 373 liegt
623 332 679 363 und
706 332 759 370 daß
786 331 814 362 in
840 330 877 362 all
908 331 997 369 diesen
1023 329 1136 371 Fragen

120 389 164 420 ein
198 386 523 429 Zusammengehen
564 387 657 417 aller
697 385 916 425 eivilisirten
951 383 1137 416 Nationen

121 442 171 474 den
189 440 349 479 Interessen
375 442 421 472 der
438 440 590 481 Einzelnen
616 439 766 478 derselben,
785 439 835 470 wie
861 438 907 470 der
927 436 1135 477 Gesammtheit

121 505 167 528 am
192 494 408 536 Förderlichsten
434 494 489 534 sein
515 493 615 533 diirfte.

209 547 305 580 Wenn
330 548 372 580 die
390 547 588 589 Regierungen
614 554 668 579 aus
694 547 817 588 eigenem
835 545 969 578 Antriebe
995 544 1042 582 sich
1067 543 1136 582 nicht

120 603 145 641 so
173 602 247 642 leicht
272 611 327 633 von
352 602 399 633 der
424 601 632 643 hergebrachten
657 599 887 639 militaristischen
905 598 1020 636 Selbst
1032 596 1116 637 Hilfe
1125 611 1134 622 -

120 657 176 687 und
213 653 563 695 Faustrechtspolitik
597 657 715 686 trennen
741 652 857 690 können,
896 652 921 690 so
947 651 1057 683 werden
1094 651 1135 681 die

120 707 221 740 Völker
247 707 322 746 selbst
348 708 450 746 endlich
476 711 526 740 den
552 707 614 746 Ruf
639 707 704 745 nach
730 705 897 746 Errichtung
928 705 1004 736 eines
1029 701 1135 742 Welt-

121 759 396 801 Klaatenöundes
434 760 549 799 erheben
586 759 702 798 müssen,
741 777 780 781 —
816 758 881 797 nach
917 758 1007 789 einem
1044 755 1134 790 Welt-

123 814 355 853 Staatenbunde,
373 813 522 854 innerhalb
548 813 636 852 dessen
654 813 696 845 die
714 811 979 854 eigenmächtige
997 809 1134 850 Selbst­

124 868 210 908 hilfe
236 868 285 908 auf
312 869 372 900 dem
397 867 485 909 Wege
511 867 559 899 des
598 867 742 907 Krieges
779 865 974 905 unbedingt
1011 870 1134 905 ausge­

123 921 287 961 schlossen
328 922 385 953 und
412 920 492 960 durch
519 921 577 952 eine
618 918 888 961 obligatorische
925 917 1134 957 ordentliche

124 972 603 1017 Friedensgerichtsbarkeit
650 974 737 1013 ersetzt
776 972 881 1005 würde.
930 971 1001 1010 Erst
1042 981 1136 1003 wenn

125 1028 236 1068 dieser
263 1027 426 1060 Gedanke
464 1027 534 1066 seine
559 1025 859 1067 Verwirklichung
884 1024 1023 1066 gefunden
1049 1024 1137 1064 haben

125 1081 206 1120 wird,
232 1082 343 1114 werden
368 1083 420 1113 wir
446 1087 501 1113 aus
527 1081 573 1113 der
598 1081 709 1120 Praxis
735 1080 781 1113 der
806 1078 1043 1119 Nothbehelfe
1081 1078 1137 1109 und

125 1136 171 1168 der
209 1134 346 1167 kleinen
383 1134 507 1167 Mittel
544 1144 592 1174 zur
617 1133 800 1175 Beseitigung
833 1133 879 1165 der
904 1132 1056 1170 Wirrnisse
1081 1131 1137 1163 und

124 1188 276 1229 Nothlage,
302 1191 384 1219 unter
410 1187 496 1219 denen
522 1188 563 1219 die
582 1186 760 1226 Gesellschaft
787 1186 876 1222 leidet,
895 1185 1138 1224 herauskommen,

127 1260 164 1263 —
185 1241 235 1280 erst
261 1242 338 1272 dann
354 1241 425 1272 wird
451 1241 493 1272 die
510 1240 695 1279 gesummte
712 1238 926 1278 Menschheit
945 1236 1141 1276 erleichtert

126 1293 303 1335 aufathmen,
329 1303 375 1325 um
401 1294 452 1325 mit
477 1293 654 1324 vereinter
679 1290 897 1332 ungeahnter
922 1291 1021 1331 Kraft
1058 1291 1140 1323 unter

127 1348 187 1380 dem
213 1347 334 1379 Banner
360 1348 407 1378 des
433 1343 852 1378 Welt-StaatenbundeS
877 1344 973 1383 fortan
998 1343 1138 1385 ungestört

127 1400 205 1441 ihren
246 1400 364 1440 höchsten
401 1398 499 1439 Zielen
534 1398 715 1439 zuzustreben.
764 1397 855 1430 Dann
896 1397 945 1435 erst
986 1397 1055 1429 wird
1094 1396 1140 1428 der

127 1453 364 1494 Weltfrieden
401 1452 552 1484 dauernd
590 1451 742 1492 begründet
767 1450 822 1489 fein
860 1450 916 1481 und
942 1460 989 1489 zur
1025 1450 1139 1489 wahren

128 1506 447 1547 Welt-Wohlfahrt
472 1504 582 1545 führen.

217 1559 264 1591 An
305 1557 586 1599 realpolitischen
628 1555 1045 1598 Anknüpfungspunkten
1092 1565 1139 1596 zur

128 1613 364 1654 Verivirklichung
390 1614 438 1645 des
456 1609 789 1645 Welt-Staatenbundeö
815 1609 882 1649 fehlt
907 1616 936 1641 es
963 1609 1038 1650 schon
1064 1610 1141 1649 heute

128 1667 306 1708 keineswegs.
355 1666 410 1698 Die
435 1665 638 1705 verschiedenen
662 1662 831 1702 Bündnisse,
857 1663 942 1695 denen
967 1664 1018 1695 wir
1044 1673 1139 1705 gegen­

128 1720 229 1761 wärtig
255 1721 283 1750 in
309 1720 424 1759 Europa
451 1719 599 1760 begegnen,
624 1718 674 1749 wie
700 1717 746 1749 der
772 1715 1139 1757 deutsch-italienisch­

130 1772 385 1814 österreichische
403 1771 606 1810 Dreibund,
626 1772 678 1803 das
696 1769 837 1810 Bündniß
863 1769 988 1811 zwischen
1007 1771 1140 1812 Frank-
