1323 1959
580 33 596 38 -
644 17 661 45 4

460 60 488 79 A

144 104 280 145 drängen,
321 103 374 142 daß
416 103 500 139 daher
541 106 602 142 trotz
643 102 711 135 aller
751 101 907 141 politischen
944 101 1067 141 Freiheit
1110 102 1160 133 die

146 157 300 196 Eristenz
335 156 391 188 der
417 156 608 196 Einzelnen
634 157 753 187 immer
778 156 872 192 mehr
909 156 941 186 in
968 154 1081 196 Frage
1107 165 1159 195 ge­

145 210 236 248 stellt
272 210 353 246 wird,
396 228 433 231 —
475 210 543 248 diese
580 208 731 247 Thatsache
772 210 819 247 hat
856 209 900 240 bis
936 209 991 248 jetzt
1029 208 1069 240 bei
1110 209 1161 240 den

148 263 343 305 Regierenden
373 263 429 294 und
456 263 497 295 bei
526 263 576 295 den
602 261 763 302 besitzenden
790 261 901 300 Classen
927 261 1065 299 durchaus
1092 262 1161 300 nicht

147 317 188 349 die
208 317 248 355 ihr
275 316 467 356 zukommende
493 316 657 356 Beachtung
683 315 830 356 gefunden.

235 370 302 402 Das
329 368 726 408 Gcsammtheitsbcwußtscin
761 369 817 400 und
860 368 912 400 das
937 368 1162 407 Bewußtsein

147 425 193 456 der
217 422 679 461 Jntcrcsscn-Solidaritat
713 422 758 454 der
793 431 929 462 ganzen
955 421 1162 461 Menschheit

146 478 174 515 ist
213 484 253 514 es,
295 477 348 509 das
388 476 430 507 die
471 476 570 516 letztere
610 476 655 507 als
697 475 931 514 Gesellschaft
971 475 1161 515 kennzeichnet.

147 531 230 569 Diese
247 529 604 568 Jntcresscn-Solidarität
622 529 769 569 erfordert,
788 529 841 567 daß
859 529 946 567 jedem
965 529 1162 569 Angehörigen

147 584 193 615 der
220 582 398 622 Gesellschaft
433 583 474 613 die
501 582 650 621 Eristenz
676 578 825 618 innerhalb
861 582 945 619 dieser
971 581 1162 621 ermöglicht

148 637 228 676 bezw.
247 635 407 677 gesichert
425 635 504 667 wird.
554 635 650 667 Wenn
669 635 710 666 die
730 634 907 673 Gesellschaft
926 635 976 666 den
995 634 1162 666 Arbeits­

149 690 238 729 losen
271 689 371 728 seinem
397 688 532 726 Schicksal
558 687 697 726 überläßt,
732 688 758 725 so
784 688 886 728 drängt
921 687 954 725 sie
980 687 1027 725 ihn
1060 687 1164 727 einfach

148 743 197 783 auf
223 743 265 774 die
282 742 376 783 Pfade
402 742 450 773 des
469 741 738 779 Anarchismus,
758 742 782 772 d.
804 741 827 776 h.
848 751 895 779 zur
912 740 1165 782 Kriegserklärung

148 806 232 837 gegen
255 797 313 828 eine
339 795 510 834 menschliche
529 794 708 834 Gesellschaft
735 795 802 832 ohne
821 793 1162 834 Menschlichkeitsgefühl.

238 859 323 891 Statt
348 859 408 890 dies
434 858 592 897 einzuschen
617 857 673 889 und
692 856 854 898 demgemäß
879 867 910 897 zu
937 857 1067 894 handeln,
1085 856 1162 889 über­

149 913 234 951 lassen
260 913 301 944 die
335 912 495 952 besitzenden
521 911 632 950 Klassen
667 911 708 942 die
739 910 880 951 Fürsorge
906 911 952 951 für
978 911 1018 943 die
1044 910 1167 947 Abwehr

150 967 196 999 der
220 976 275 998 von
300 966 383 1004 ihnen
410 965 485 1004 selbst
503 965 552 1005 auf
578 965 630 997 den
647 964 821 1005 Kriegspfad
847 965 1017 1005 gedrängten
1036 964 1163 997 Arbeits­

151 1021 223 1059 losen
249 1019 372 1060 lediglich
398 1019 444 1050 der
462 1019 581 1058 Polizei.
630 1017 713 1056 Diese
738 1017 799 1055 thut
826 1017 1083 1056 selbstverständlich
1109 1017 1167 1055 ihre

150 1073 263 1113 Pflicht.
312 1073 388 1105 Aber
414 1073 454 1103 die
481 1071 658 1111 Gesellschaft
690 1071 737 1108 hat
762 1071 850 1103 damit
887 1072 944 1108 ihre
969 1071 1072 1110 Pflicht
1098 1071 1168 1108 nicht

152 1126 256 1166 erfüllt.
305 1126 361 1157 Sic
395 1125 540 1163 beschwört
574 1124 708 1162 vielmehr
733 1124 813 1163 durch
849 1124 935 1162 dieses
961 1124 1076 1163 herzlose
1110 1125 1166 1156 und

150 1179 281 1217 thörichte
311 1178 467 1216 Verhalten
500 1177 647 1215 Gefahren
682 1177 791 1216 herauf,
826 1177 913 1208 denen
949 1176 1095 1215 schließlich
1127 1178 1168 1207 die

153 1232 368 1272 Staatsgewalt
394 1230 463 1269 nicht
489 1230 566 1269 mehr
592 1229 744 1270 gewachsen
771 1230 825 1266 sein
851 1229 953 1269 dürfte.

243 1284 374 1323 Einzelne
399 1283 597 1323 Regierungen
623 1283 715 1321 suchen
742 1282 812 1318 wohl
840 1284 890 1314 mit
913 1282 1018 1314 allerlei
1044 1282 1167 1320 halben

154 1337 368 1377 Maßregeln
394 1336 450 1368 und
476 1335 607 1367 kleinen
625 1335 836 1374 Mittclchen
853 1334 969 1375 Abhilfe
993 1345 1024 1375 zu
1042 1334 1167 1375 schaffen.

155 1391 254 1429 Dahin
281 1391 376 1431 gehört
409 1390 450 1421 die
476 1389 588 1420 Alters-
615 1389 671 1420 und
697 1387 996 1429 Unfallversicherung,
1033 1390 1084 1421 das
1111 1389 1169 1421 Ge­

156 1445 199 1483 setz
225 1444 271 1475 der
296 1442 381 1482 süßen
407 1442 634 1482 Sonntagsruhe
659 1441 715 1474 imb
749 1441 914 1481 dergleichen
941 1442 1173 1489 Einrichtungen,

157 1496 199 1527 die
232 1497 282 1528 den
312 1495 495 1535 Arbeitgeber
530 1493 658 1533 belasten,
695 1494 763 1532 ohne
798 1495 859 1526 dem
888 1494 1018 1526 Arbeiter
1053 1495 1107 1526 viel
1141 1505 1172 1534 zu

158 1549 260 1590 helfen,
284 1548 416 1589 während
443 1548 476 1586 sic
502 1547 549 1588 für
575 1547 625 1579 den
643 1547 840 1586 Arbeitslosen
865 1547 1024 1588 überhaupt
1049 1548 1118 1588 nicht
1144 1550 1173 1580 in

158 1602 290 1641 Betracht
315 1602 449 1635 kommen.

247 1655 322 1688 Nein
347 1656 427 1695 durch
445 1655 526 1694 solche
544 1654 627 1687 kleine
644 1654 810 1693 Mittelchen
828 1655 897 1686 wird
925 1655 970 1685 der
988 1654 1173 1694 Zusammen­

160 1710 240 1750 sturz,
257 1710 302 1741 der
317 1709 358 1741 die
372 1708 503 1741 moderne
518 1708 695 1748 Gesellschaft
714 1707 837 1746 bedroht,
854 1706 932 1744 sicher
945 1706 1015 1745 nicht
1029 1707 1174 1750 hintange­

164 1763 258 1804 halten
293 1762 413 1795 werden.
463 1762 518 1794 Um
553 1762 710 1803 gründliche
736 1760 850 1801 Abhilfe
884 1771 914 1801 zu
949 1761 1075 1800 schaffen,
1109 1762 1176 1801 muß
