1267 1959
51 1914 54 1916 ■
75 1914 136 1935 ji-'.ii
149 1921 192 1938 »Ott
207 1918 266 1942 Sug»
281 1918 395 1943 »uälaHa,
409 1922 484 1943 Berlin
500 1924 561 1946 SW-,
575 1919 708 1953 «Helmftr.
726 1928 755 1947 t«.
777 1928 905 1951 Tel.-«rik«l
928 1932 974 1951 «Mt
993 1933 1019 1951 V!

89 81 199 122 Früher
226 81 392 124 erschienene
417 85 566 129 Schriften
592 99 648 121 von
679 91 833 133 demselben
859 93 1020 136 Verfasser:

133 141 247 185 System
262 144 320 179 und
347 145 508 188 Geschichte
537 149 589 183 des
603 150 847 195 Naturalismus.
896 156 1032 201 (Leipzig,
1047 160 1113 202 fünf

178 187 347 232 Auflagen.)
396 192 471 234 Auch
497 195 526 227 in
552 195 698 239 englischer
723 200 920 243 Uebersetzung
946 203 1109 246 erschienen.

133 241 191 275 Aer
218 240 332 284 Kampf
356 253 405 279 um
439 245 486 280 die
512 246 700 292 europäische
726 251 933 297 Suprematie.
982 256 1111 295 (Berlin,

179 286 251 319 Carl
275 288 472 333 Siegismund
502 292 611 334 1890.)

133 337 186 380 Die
210 339 440 386 Weltgeschichte
476 345 526 386 für
562 346 762 383 Jedermann.
804 351 934 396 (Berlin,
974 355 1107 398 Reform-

175 384 307 428 Verlag.)

132 435 195 471 Lin
230 438 552 486 franMsch-dentscher
587 444 761 490 Ausgleich.
803 450 932 494 (Berlin,
973 454 1107 496 Reform-

175 483 307 527 Verlag.)

129 534 190 569 Der
229 535 322 571 Staat
364 539 525 582 Sellomy's
565 542 625 577 und
652 544 725 585 feine
765 547 929 592 Nachfolge.
978 552 1107 596 (Berlin,

173 580 442 626 Reform-Verlag.)

128 632 191 674 Aas
208 633 471 680 Cogitantenthnm
497 640 552 672 als
569 642 723 677 Staats-
751 646 820 677 und
840 647 1096 693 Weltreligion.

173 678 303 722 (Berlin,
329 681 401 714 Carl
427 683 623 728 Siegismund
652 687 760 730 1893.)

128 729 179 771 Die
203 731 326 773 wahren
356 734 479 770 Motive
505 737 555 770 des
574 738 770 783 Strafrechts.
819 743 950 788 (Berlin,
968 747 1101 789 Reform-

172 776 305 820 Verlag.)

129 827 392 866 Internationales
437 833 709 873 Siicular-Album.
760 841 784 872 I.
826 842 923 876 Band.
973 845 1100 888 (Berlin,

173 874 243 908 Carl
269 876 489 921 Siegismund.)
