<?xml version="1.0" encoding="UTF-8" standalone="no"?><PcGts pcGtsId="Page1" xmlns:xsi="http://www.w3.org/2001/XMLSchema-instance" xsi:schemaLocation="http://schema.primaresearch.org/PAGE/gts/pagecontent/2019-07-15 http://schema.primaresearch.org/PAGE/gts/pagecontent/2019-07-15/pagecontent.xsd" xmlns="http://schema.primaresearch.org/PAGE/gts/pagecontent/2019-07-15"><Metadata><Creator/><Created>1970-01-01T01:00:00</Created><LastChange>1970-01-01T01:00:00</LastChange><Comments>Converted from ALTO

Measurement unit: pixel
OCR Processing Information
OCR:
  Date: 2017-03-22
    Creator: ABBYY
    Name: ABBYY FineReader Engine
    Version: 11
  Software: 
Physical image number: 1</Comments></Metadata><Page imageFilename="DEFAULT/FILE_0011_DEFAULT.jpg" imageHeight="1959" imageWidth="1323"><PrintSpace><Coords points="162,95 1208,95 1208,1813 162,1813"/></PrintSpace><TextRegion id="Page1_Block1"><Coords points="162,95 1208,95 1208,1813 162,1813"/><TextLine id="l1"><Coords points="168,101 1188,101 1188,143 168,143"/><Word id="w1"><Coords points="168,111 235,111 235,135 168,135"/><TextEquiv><Unicode>man</Unicode></TextEquiv></Word><Word id="w2"><Coords points="262,102 410,102 410,143 262,143"/><TextEquiv><Unicode>aufhören,</Unicode></TextEquiv></Word><Word id="w3"><Coords points="445,102 507,102 507,134 445,134"/><TextEquiv><Unicode>mit</Unicode></TextEquiv></Word><Word id="w4"><Coords points="533,102 593,102 593,134 533,134"/><TextEquiv><Unicode>den</Unicode></TextEquiv></Word><Word id="w5"><Coords points="620,101 826,101 826,141 620,141"/><TextEquiv><Unicode>Maschinen</Unicode></TextEquiv></Word><Word id="w6"><Coords points="851,102 916,102 916,134 851,134"/><TextEquiv><Unicode>und</Unicode></TextEquiv></Word><Word id="w7"><Coords points="944,102 1041,102 1041,140 944,140"/><TextEquiv><Unicode>ihren</Unicode></TextEquiv></Word><Word id="w8"><Coords points="1068,101 1188,101 1188,142 1068,142"/><TextEquiv><Unicode>Groß-</Unicode></TextEquiv></Word><TextEquiv><Unicode>man aufhören, mit den Maschinen und ihren Groß-</Unicode></TextEquiv></TextLine><TextLine id="l2"><Coords points="170,154 1190,154 1190,197 170,197"/><Word id="w9"><Coords points="170,156 325,156 325,197 170,197"/><TextEquiv><Unicode>bcsitzcrn</Unicode></TextEquiv></Word><Word id="w10"><Coords points="344,156 435,156 435,194 344,194"/><TextEquiv><Unicode>&gt;nchr</Unicode></TextEquiv></Word><Word id="w11"><Coords points="449,155 607,155 607,194 449,194"/><TextEquiv><Unicode>Rücksicht</Unicode></TextEquiv></Word><Word id="w12"><Coords points="625,166 655,166 655,195 625,195"/><TextEquiv><Unicode>zu</Unicode></TextEquiv></Word><Word id="w13"><Coords points="670,156 770,156 770,194 670,194"/><TextEquiv><Unicode>haben,</Unicode></TextEquiv></Word><Word id="w14"><Coords points="786,156 831,156 831,186 786,186"/><TextEquiv><Unicode>als</Unicode></TextEquiv></Word><Word id="w15"><Coords points="846,156 895,156 895,186 846,186"/><TextEquiv><Unicode>mit</Unicode></TextEquiv></Word><Word id="w16"><Coords points="910,154 961,154 961,187 910,187"/><TextEquiv><Unicode>den</Unicode></TextEquiv></Word><Word id="w17"><Coords points="976,155 1190,155 1190,194 976,194"/><TextEquiv><Unicode>Millioncn,</Unicode></TextEquiv></Word><TextEquiv><Unicode>bcsitzcrn &gt;nchr Rücksicht zu haben, als mit den Millioncn,</Unicode></TextEquiv></TextLine><TextLine id="l3"><Coords points="170,208 1191,208 1191,248 170,248"/><Word id="w18"><Coords points="170,210 211,210 211,242 170,242"/><TextEquiv><Unicode>die</Unicode></TextEquiv></Word><Word id="w19"><Coords points="248,210 328,210 328,248 248,248"/><TextEquiv><Unicode>durch</Unicode></TextEquiv></Word><Word id="w20"><Coords points="354,209 489,209 489,248 354,248"/><TextEquiv><Unicode>dieselben</Unicode></TextEquiv></Word><Word id="w21"><Coords points="523,209 666,209 666,241 523,241"/><TextEquiv><Unicode>brodlos</Unicode></TextEquiv></Word><Word id="w22"><Coords points="699,208 819,208 819,241 699,241"/><TextEquiv><Unicode>werden.</Unicode></TextEquiv></Word><Word id="w23"><Coords points="869,209 912,209 912,240 869,240"/><TextEquiv><Unicode>Es</Unicode></TextEquiv></Word><Word id="w24"><Coords points="938,209 972,209 972,247 938,247"/><TextEquiv><Unicode>sei</Unicode></TextEquiv></Word><Word id="w25"><Coords points="1007,208 1095,208 1095,240 1007,240"/><TextEquiv><Unicode>damit</Unicode></TextEquiv></Word><Word id="w26"><Coords points="1121,209 1191,209 1191,248 1121,248"/><TextEquiv><Unicode>nicht</Unicode></TextEquiv></Word><TextEquiv><Unicode>die durch dieselben brodlos werden. Es sei damit nicht</Unicode></TextEquiv></TextLine><TextLine id="l4"><Coords points="170,257 1191,257 1191,305 170,305"/><Word id="w27"><Coords points="170,265 273,265 273,305 170,305"/><TextEquiv><Unicode>gesagt,</Unicode></TextEquiv></Word><Word id="w28"><Coords points="300,262 353,262 353,302 300,302"/><TextEquiv><Unicode>daß</Unicode></TextEquiv></Word><Word id="w29"><Coords points="379,263 421,263 421,294 379,294"/><TextEquiv><Unicode>die</Unicode></TextEquiv></Word><Word id="w30"><Coords points="445,262 612,262 612,302 445,302"/><TextEquiv><Unicode>Maschinen</Unicode></TextEquiv></Word><Word id="w31"><Coords points="638,261 802,261 802,303 638,303"/><TextEquiv><Unicode>abgcschafft</Unicode></TextEquiv></Word><Word id="w32"><Coords points="827,262 937,262 937,293 827,293"/><TextEquiv><Unicode>iverden</Unicode></TextEquiv></Word><Word id="w33"><Coords points="962,261 1054,261 1054,300 962,300"/><TextEquiv><Unicode>sollen.</Unicode></TextEquiv></Word><Word id="w34"><Coords points="1104,257 1191,257 1191,301 1104,301"/><TextEquiv><Unicode>Wohl</Unicode></TextEquiv></Word><TextEquiv><Unicode>gesagt, daß die Maschinen abgcschafft iverden sollen. Wohl</Unicode></TextEquiv></TextLine><TextLine id="l5"><Coords points="170,313 1189,313 1189,357 170,357"/><Word id="w35"><Coords points="170,318 236,318 236,350 170,350"/><TextEquiv><Unicode>aber</Unicode></TextEquiv></Word><Word id="w36"><Coords points="261,318 331,318 331,349 261,349"/><TextEquiv><Unicode>wird</Unicode></TextEquiv></Word><Word id="w37"><Coords points="357,327 424,327 424,349 357,349"/><TextEquiv><Unicode>man</Unicode></TextEquiv></Word><Word id="w38"><Coords points="451,316 498,316 498,354 451,354"/><TextEquiv><Unicode>sich</Unicode></TextEquiv></Word><Word id="w39"><Coords points="524,316 592,316 592,357 524,357"/><TextEquiv><Unicode>dazu</Unicode></TextEquiv></Word><Word id="w40"><Coords points="628,315 804,315 804,356 628,356"/><TextEquiv><Unicode>entschließen</Unicode></TextEquiv></Word><Word id="w41"><Coords points="830,315 946,315 946,353 830,353"/><TextEquiv><Unicode>müssen,</Unicode></TextEquiv></Word><Word id="w42"><Coords points="981,316 1022,316 1022,348 981,348"/><TextEquiv><Unicode>die</Unicode></TextEquiv></Word><Word id="w43"><Coords points="1047,313 1189,313 1189,355 1047,355"/><TextEquiv><Unicode>Riesen-</Unicode></TextEquiv></Word><TextEquiv><Unicode>aber wird man sich dazu entschließen müssen, die Riesen-</Unicode></TextEquiv></TextLine><TextLine id="l6"><Coords points="170,368 1189,368 1189,410 170,410"/><Word id="w44"><Coords points="170,382 224,382 224,403 170,403"/><TextEquiv><Unicode>ma</Unicode></TextEquiv></Word><Word id="w45"><Coords points="232,371 274,371 274,410 232,410"/><TextEquiv><Unicode>sch</Unicode></TextEquiv></Word><Word id="w46"><Coords points="284,372 363,372 363,402 284,402"/><TextEquiv><Unicode>inen</Unicode></TextEquiv></Word><Word id="w47"><Coords points="412,372 468,372 468,402 412,402"/><TextEquiv><Unicode>der</Unicode></TextEquiv></Word><Word id="w48"><Coords points="510,370 781,370 781,408 510,408"/><TextEquiv><Unicode>Großindustrie</Unicode></TextEquiv></Word><Word id="w49"><Coords points="823,368 1012,368 1012,408 823,408"/><TextEquiv><Unicode>entsprechend</Unicode></TextEquiv></Word><Word id="w50"><Coords points="1061,379 1096,379 1096,409 1061,409"/><TextEquiv><Unicode>zu</Unicode></TextEquiv></Word><Word id="w51"><Coords points="1138,369 1189,369 1189,401 1138,401"/><TextEquiv><Unicode>be­</Unicode></TextEquiv></Word><TextEquiv><Unicode>ma sch inen der Großindustrie entsprechend zu be­</Unicode></TextEquiv></TextLine><TextLine id="l7"><Coords points="171,422 1188,422 1188,463 171,463"/><Word id="w52"><Coords points="171,425 317,425 317,462 171,462"/><TextEquiv><Unicode>steuern,</Unicode></TextEquiv></Word><Word id="w53"><Coords points="336,434 384,434 384,455 336,455"/><TextEquiv><Unicode>um</Unicode></TextEquiv></Word><Word id="w54"><Coords points="402,430 457,430 457,455 402,455"/><TextEquiv><Unicode>aus</Unicode></TextEquiv></Word><Word id="w55"><Coords points="483,424 543,424 543,455 483,455"/><TextEquiv><Unicode>dem</Unicode></TextEquiv></Word><Word id="w56"><Coords points="562,424 712,424 712,463 562,463"/><TextEquiv><Unicode>Ertrage</Unicode></TextEquiv></Word><Word id="w57"><Coords points="738,422 853,422 853,461 738,461"/><TextEquiv><Unicode>dieser</Unicode></TextEquiv></Word><Word id="w58"><Coords points="870,423 1005,423 1005,455 870,455"/><TextEquiv><Unicode>Steuer</Unicode></TextEquiv></Word><Word id="w59"><Coords points="1023,422 1188,422 1188,455 1023,455"/><TextEquiv><Unicode>Arbeits­</Unicode></TextEquiv></Word><TextEquiv><Unicode>steuern, um aus dem Ertrage dieser Steuer Arbeits­</Unicode></TextEquiv></TextLine><TextLine id="l8"><Coords points="172,476 1191,476 1191,519 172,519"/><Word id="w60"><Coords points="172,477 386,477 386,519 172,519"/><TextEquiv><Unicode>gelegenheit</Unicode></TextEquiv></Word><Word id="w61"><Coords points="411,477 468,477 468,517 411,517"/><TextEquiv><Unicode>für</Unicode></TextEquiv></Word><Word id="w62"><Coords points="492,476 728,476 728,514 492,514"/><TextEquiv><Unicode>Arbeitslose</Unicode></TextEquiv></Word><Word id="w63"><Coords points="761,486 796,486 796,516 761,516"/><TextEquiv><Unicode>zu</Unicode></TextEquiv></Word><Word id="w64"><Coords points="823,476 980,476 980,515 823,515"/><TextEquiv><Unicode>schaffen.</Unicode></TextEquiv></Word><Word id="w65"><Coords points="1030,476 1191,476 1191,514 1030,514"/><TextEquiv><Unicode>Außerdem</Unicode></TextEquiv></Word><TextEquiv><Unicode>gelegenheit für Arbeitslose zu schaffen. Außerdem</Unicode></TextEquiv></TextLine><TextLine id="l9"><Coords points="171,529 1192,529 1192,570 171,570"/><Word id="w66"><Coords points="171,531 239,531 239,570 171,570"/><TextEquiv><Unicode>muß</Unicode></TextEquiv></Word><Word id="w67"><Coords points="265,541 332,541 332,563 265,563"/><TextEquiv><Unicode>man</Unicode></TextEquiv></Word><Word id="w68"><Coords points="359,530 406,530 406,569 359,569"/><TextEquiv><Unicode>sich</Unicode></TextEquiv></Word><Word id="w69"><Coords points="434,529 535,529 535,568 434,568"/><TextEquiv><Unicode>endlich</Unicode></TextEquiv></Word><Word id="w70"><Coords points="562,529 750,529 750,568 562,568"/><TextEquiv><Unicode>entschließen,</Unicode></TextEquiv></Word><Word id="w71"><Coords points="777,529 831,529 831,566 777,566"/><TextEquiv><Unicode>daß</Unicode></TextEquiv></Word><Word id="w72"><Coords points="857,529 957,529 957,567 857,567"/><TextEquiv><Unicode>Recht</Unicode></TextEquiv></Word><Word id="w73"><Coords points="982,529 1044,529 1044,569 982,569"/><TextEquiv><Unicode>auf</Unicode></TextEquiv></Word><Word id="w74"><Coords points="1070,529 1192,529 1192,563 1070,563"/><TextEquiv><Unicode>Arbeit</Unicode></TextEquiv></Word><TextEquiv><Unicode>muß man sich endlich entschließen, daß Recht auf Arbeit</Unicode></TextEquiv></TextLine><TextLine id="l10"><Coords points="173,581 1193,581 1193,623 173,623"/><Word id="w75"><Coords points="173,584 377,584 377,623 173,623"/><TextEquiv><Unicode>schlechtweg</Unicode></TextEquiv></Word><Word id="w76"><Coords points="403,582 673,582 673,622 403,622"/><TextEquiv><Unicode>anzucrkennen</Unicode></TextEquiv></Word><Word id="w77"><Coords points="699,581 755,581 755,613 699,613"/><TextEquiv><Unicode>und</Unicode></TextEquiv></Word><Word id="w78"><Coords points="782,582 823,582 823,613 782,613"/><TextEquiv><Unicode>die</Unicode></TextEquiv></Word><Word id="w79"><Coords points="852,583 971,583 971,623 852,623"/><TextEquiv><Unicode>„heilige</Unicode></TextEquiv></Word><Word id="w80"><Coords points="997,583 1125,583 1125,621 997,621"/><TextEquiv><Unicode>Scheu",</Unicode></TextEquiv></Word><Word id="w81"><Coords points="1152,584 1193,584 1193,616 1152,616"/><TextEquiv><Unicode>die</Unicode></TextEquiv></Word><TextEquiv><Unicode>schlechtweg anzucrkennen und die „heilige Scheu", die</Unicode></TextEquiv></TextLine><TextLine id="l11"><Coords points="173,634 1192,634 1192,676 173,676"/><Word id="w82"><Coords points="173,647 239,647 239,669 173,669"/><TextEquiv><Unicode>man</Unicode></TextEquiv></Word><Word id="w83"><Coords points="266,647 315,647 315,668 266,668"/><TextEquiv><Unicode>vor</Unicode></TextEquiv></Word><Word id="w84"><Coords points="350,636 436,636 436,673 350,673"/><TextEquiv><Unicode>dieser</Unicode></TextEquiv></Word><Word id="w85"><Coords points="461,635 669,635 669,675 461,675"/><TextEquiv><Unicode>Anerkennung</Unicode></TextEquiv></Word><Word id="w86"><Coords points="707,635 763,635 763,672 707,672"/><TextEquiv><Unicode>hat,</Unicode></TextEquiv></Word><Word id="w87"><Coords points="798,634 883,634 883,676 798,676"/><TextEquiv><Unicode>völlig</Unicode></TextEquiv></Word><Word id="w88"><Coords points="909,635 1008,635 1008,675 909,675"/><TextEquiv><Unicode>fahren</Unicode></TextEquiv></Word><Word id="w89"><Coords points="1041,646 1072,646 1072,675 1041,675"/><TextEquiv><Unicode>zu</Unicode></TextEquiv></Word><Word id="w90"><Coords points="1099,637 1192,637 1192,676 1099,676"/><TextEquiv><Unicode>lassen.</Unicode></TextEquiv></Word><TextEquiv><Unicode>man vor dieser Anerkennung hat, völlig fahren zu lassen.</Unicode></TextEquiv></TextLine><TextLine id="l12"><Coords points="174,687 1194,687 1194,728 174,728"/><Word id="w91"><Coords points="174,690 238,690 238,722 174,722"/><TextEquiv><Unicode>Nur</Unicode></TextEquiv></Word><Word id="w92"><Coords points="274,690 298,690 298,728 274,728"/><TextEquiv><Unicode>so</Unicode></TextEquiv></Word><Word id="w93"><Coords points="335,689 404,689 404,721 335,721"/><TextEquiv><Unicode>wird</Unicode></TextEquiv></Word><Word id="w94"><Coords points="438,689 480,689 480,720 438,720"/><TextEquiv><Unicode>die</Unicode></TextEquiv></Word><Word id="w95"><Coords points="514,688 661,688 661,726 514,726"/><TextEquiv><Unicode>Industrie</Unicode></TextEquiv></Word><Word id="w96"><Coords points="687,687 837,687 837,727 687,727"/><TextEquiv><Unicode>aufhören,</Unicode></TextEquiv></Word><Word id="w97"><Coords points="874,688 920,688 920,720 874,720"/><TextEquiv><Unicode>der</Unicode></TextEquiv></Word><Word id="w98"><Coords points="960,688 1119,688 1119,728 960,728"/><TextEquiv><Unicode>„Saturn"</Unicode></TextEquiv></Word><Word id="w99"><Coords points="1147,690 1194,690 1194,723 1147,723"/><TextEquiv><Unicode>der</Unicode></TextEquiv></Word><TextEquiv><Unicode>Nur so wird die Industrie aufhören, der „Saturn" der</Unicode></TextEquiv></TextLine><TextLine id="l13"><Coords points="175,740 1189,740 1189,782 175,782"/><Word id="w100"><Coords points="175,744 273,744 273,775 175,775"/><TextEquiv><Unicode>Arbeit</Unicode></TextEquiv></Word><Word id="w101"><Coords points="307,752 338,752 338,782 307,782"/><TextEquiv><Unicode>zu</Unicode></TextEquiv></Word><Word id="w102"><Coords points="364,743 429,743 429,781 364,781"/><TextEquiv><Unicode>sein,</Unicode></TextEquiv></Word><Word id="w103"><Coords points="466,742 512,742 512,773 466,773"/><TextEquiv><Unicode>der</Unicode></TextEquiv></Word><Word id="w104"><Coords points="538,742 607,742 607,780 538,780"/><TextEquiv><Unicode>seine</Unicode></TextEquiv></Word><Word id="w105"><Coords points="633,740 738,740 738,773 633,773"/><TextEquiv><Unicode>Kinder</Unicode></TextEquiv></Word><Word id="w106"><Coords points="771,740 933,740 933,782 771,782"/><TextEquiv><Unicode>verschlingt</Unicode></TextEquiv></Word><Word id="w107"><Coords points="958,742 1014,742 1014,774 958,774"/><TextEquiv><Unicode>und</Unicode></TextEquiv></Word><Word id="w108"><Coords points="1049,752 1104,752 1104,775 1049,775"/><TextEquiv><Unicode>nur</Unicode></TextEquiv></Word><Word id="w109"><Coords points="1136,754 1189,754 1189,776 1136,776"/><TextEquiv><Unicode>von</Unicode></TextEquiv></Word><TextEquiv><Unicode>Arbeit zu sein, der seine Kinder verschlingt und nur von</Unicode></TextEquiv></TextLine><TextLine id="l14"><Coords points="176,795 455,795 455,836 176,836"/><Word id="w110"><Coords points="176,797 263,797 263,836 176,836"/><TextEquiv><Unicode>ihrem</Unicode></TextEquiv></Word><Word id="w111"><Coords points="288,796 366,796 366,829 288,829"/><TextEquiv><Unicode>Tode</Unicode></TextEquiv></Word><Word id="w112"><Coords points="393,795 455,795 455,827 393,827"/><TextEquiv><Unicode>lebt.</Unicode></TextEquiv></Word><TextEquiv><Unicode>ihrem Tode lebt.</Unicode></TextEquiv></TextLine><TextLine id="l15"><Coords points="265,848 1194,848 1194,890 265,890"/><Word id="w113"><Coords points="265,850 340,850 340,890 265,890"/><TextEquiv><Unicode>Auch</Unicode></TextEquiv></Word><Word id="w114"><Coords points="369,860 419,860 419,881 369,881"/><TextEquiv><Unicode>vor</Unicode></TextEquiv></Word><Word id="w115"><Coords points="454,849 515,849 515,880 454,880"/><TextEquiv><Unicode>dem</Unicode></TextEquiv></Word><Word id="w116"><Coords points="540,848 651,848 651,886 540,886"/><TextEquiv><Unicode>Mittel,</Unicode></TextEquiv></Word><Word id="w117"><Coords points="689,850 740,850 740,880 689,880"/><TextEquiv><Unicode>den</Unicode></TextEquiv></Word><Word id="w118"><Coords points="776,848 1026,848 1026,889 776,889"/><TextEquiv><Unicode>Arbeitslosen</Unicode></TextEquiv></Word><Word id="w119"><Coords points="1065,850 1194,850 1194,884 1065,884"/><TextEquiv><Unicode>Grund</Unicode></TextEquiv></Word><TextEquiv><Unicode>Auch vor dem Mittel, den Arbeitslosen Grund</Unicode></TextEquiv></TextLine><TextLine id="l16"><Coords points="177,902 1195,902 1195,945 177,945"/><Word id="w120"><Coords points="177,905 242,905 242,937 177,937"/><TextEquiv><Unicode>und</Unicode></TextEquiv></Word><Word id="w121"><Coords points="268,904 393,904 393,937 268,937"/><TextEquiv><Unicode>Boden</Unicode></TextEquiv></Word><Word id="w122"><Coords points="419,903 487,903 487,935 419,935"/><TextEquiv><Unicode>und</Unicode></TextEquiv></Word><Word id="w123"><Coords points="513,903 574,903 574,934 513,934"/><TextEquiv><Unicode>das</Unicode></TextEquiv></Word><Word id="w124"><Coords points="592,902 740,902 740,943 592,943"/><TextEquiv><Unicode>Nöthigc</Unicode></TextEquiv></Word><Word id="w125"><Coords points="766,912 800,912 800,942 766,942"/><TextEquiv><Unicode>zu</Unicode></TextEquiv></Word><Word id="w126"><Coords points="828,903 920,903 920,941 828,941"/><TextEquiv><Unicode>ihrer</Unicode></TextEquiv></Word><Word id="w127"><Coords points="945,903 1139,903 1139,944 945,944"/><TextEquiv><Unicode>Bebauung</Unicode></TextEquiv></Word><Word id="w128"><Coords points="1164,915 1195,915 1195,945 1164,945"/><TextEquiv><Unicode>zu</Unicode></TextEquiv></Word><TextEquiv><Unicode>und Boden und das Nöthigc zu ihrer Bebauung zu</Unicode></TextEquiv></TextLine><TextLine id="l17"><Coords points="177,955 1196,955 1196,1000 177,1000"/><Word id="w129"><Coords points="177,958 336,958 336,1000 177,1000"/><TextEquiv><Unicode>gewähren,</Unicode></TextEquiv></Word><Word id="w130"><Coords points="363,957 427,957 427,995 363,995"/><TextEquiv><Unicode>darf</Unicode></TextEquiv></Word><Word id="w131"><Coords points="453,966 520,966 520,987 453,987"/><TextEquiv><Unicode>man</Unicode></TextEquiv></Word><Word id="w132"><Coords points="546,956 616,956 616,993 546,993"/><TextEquiv><Unicode>nicht</Unicode></TextEquiv></Word><Word id="w133"><Coords points="641,955 873,955 873,996 641,996"/><TextEquiv><Unicode>zurückschreckcn,</Unicode></TextEquiv></Word><Word id="w134"><Coords points="904,967 985,967 985,989 904,989"/><TextEquiv><Unicode>wenn</Unicode></TextEquiv></Word><Word id="w135"><Coords points="1012,964 1041,964 1041,989 1012,989"/><TextEquiv><Unicode>es</Unicode></TextEquiv></Word><Word id="w136"><Coords points="1067,958 1128,958 1128,998 1067,998"/><TextEquiv><Unicode>gilt,</Unicode></TextEquiv></Word><Word id="w137"><Coords points="1154,959 1196,959 1196,990 1154,990"/><TextEquiv><Unicode>die</Unicode></TextEquiv></Word><TextEquiv><Unicode>gewähren, darf man nicht zurückschreckcn, wenn es gilt, die</Unicode></TextEquiv></TextLine><TextLine id="l18"><Coords points="178,1008 1195,1008 1195,1051 178,1051"/><Word id="w138"><Coords points="178,1011 356,1011 356,1051 178,1051"/><TextEquiv><Unicode>Gesellschaft</Unicode></TextEquiv></Word><Word id="w139"><Coords points="393,1020 443,1020 443,1042 393,1042"/><TextEquiv><Unicode>vor</Unicode></TextEquiv></Word><Word id="w140"><Coords points="468,1010 542,1010 542,1041 468,1041"/><TextEquiv><Unicode>einer</Unicode></TextEquiv></Word><Word id="w141"><Coords points="569,1008 661,1008 661,1047 569,1047"/><TextEquiv><Unicode>Krisis</Unicode></TextEquiv></Word><Word id="w142"><Coords points="686,1019 717,1019 717,1049 686,1049"/><TextEquiv><Unicode>zu</Unicode></TextEquiv></Word><Word id="w143"><Coords points="743,1009 901,1009 901,1048 743,1048"/><TextEquiv><Unicode>bewahren,</Unicode></TextEquiv></Word><Word id="w144"><Coords points="942,1020 1026,1020 1026,1051 942,1051"/><TextEquiv><Unicode>gegen</Unicode></TextEquiv></Word><Word id="w145"><Coords points="1052,1011 1094,1011 1094,1043 1052,1043"/><TextEquiv><Unicode>die</Unicode></TextEquiv></Word><Word id="w146"><Coords points="1119,1011 1195,1011 1195,1051 1119,1051"/><TextEquiv><Unicode>selbst</Unicode></TextEquiv></Word><TextEquiv><Unicode>Gesellschaft vor einer Krisis zu bewahren, gegen die selbst</Unicode></TextEquiv></TextLine><TextLine id="l19"><Coords points="178,1062 1197,1062 1197,1105 178,1105"/><Word id="w147"><Coords points="178,1067 218,1067 218,1097 178,1097"/><TextEquiv><Unicode>die</Unicode></TextEquiv></Word><Word id="w148"><Coords points="255,1063 478,1063 478,1104 255,1104"/><TextEquiv><Unicode>Militärgcwalt</Unicode></TextEquiv></Word><Word id="w149"><Coords points="514,1062 606,1062 606,1094 514,1094"/><TextEquiv><Unicode>keinen</Unicode></TextEquiv></Word><Word id="w150"><Coords points="644,1062 757,1062 757,1102 644,1102"/><TextEquiv><Unicode>sicheren</Unicode></TextEquiv></Word><Word id="w151"><Coords points="795,1063 893,1063 893,1103 795,1103"/><TextEquiv><Unicode>Schutz</Unicode></TextEquiv></Word><Word id="w152"><Coords points="930,1064 1008,1064 1008,1102 930,1102"/><TextEquiv><Unicode>mehr</Unicode></TextEquiv></Word><Word id="w153"><Coords points="1050,1065 1197,1065 1197,1105 1050,1105"/><TextEquiv><Unicode>gewähren</Unicode></TextEquiv></Word><TextEquiv><Unicode>die Militärgcwalt keinen sicheren Schutz mehr gewähren</Unicode></TextEquiv></TextLine><TextLine id="l20"><Coords points="177,1119 282,1119 282,1150 177,1150"/><Word id="w154"><Coords points="177,1119 282,1119 282,1150 177,1150"/><TextEquiv><Unicode>würde.</Unicode></TextEquiv></Word><TextEquiv><Unicode>würde.</Unicode></TextEquiv></TextLine><TextLine id="l21"><Coords points="268,1169 1197,1169 1197,1210 268,1210"/><Word id="w155"><Coords points="268,1171 357,1171 357,1203 268,1203"/><TextEquiv><Unicode>Louis</Unicode></TextEquiv></Word><Word id="w156"><Coords points="382,1170 530,1170 530,1209 382,1209"/><TextEquiv><Unicode>Napoleon</Unicode></TextEquiv></Word><Word id="w157"><Coords points="556,1169 647,1169 647,1209 556,1209"/><TextEquiv><Unicode>sprach</Unicode></TextEquiv></Word><Word id="w158"><Coords points="674,1169 721,1169 721,1207 674,1207"/><TextEquiv><Unicode>sich</Unicode></TextEquiv></Word><Word id="w159"><Coords points="747,1170 834,1170 834,1208 747,1208"/><TextEquiv><Unicode>seiner</Unicode></TextEquiv></Word><Word id="w160"><Coords points="859,1170 922,1170 922,1209 859,1209"/><TextEquiv><Unicode>Zeit</Unicode></TextEquiv></Word><Word id="w161"><Coords points="948,1170 1032,1170 1032,1210 948,1210"/><TextEquiv><Unicode>dafür</Unicode></TextEquiv></Word><Word id="w162"><Coords points="1057,1177 1123,1177 1123,1209 1057,1209"/><TextEquiv><Unicode>aus,</Unicode></TextEquiv></Word><Word id="w163"><Coords points="1144,1171 1197,1171 1197,1210 1144,1210"/><TextEquiv><Unicode>daß</Unicode></TextEquiv></Word><TextEquiv><Unicode>Louis Napoleon sprach sich seiner Zeit dafür aus, daß</Unicode></TextEquiv></TextLine><TextLine id="l22"><Coords points="179,1221 1197,1221 1197,1261 179,1261"/><Word id="w164"><Coords points="179,1234 247,1234 247,1255 179,1255"/><TextEquiv><Unicode>man</Unicode></TextEquiv></Word><Word id="w165"><Coords points="272,1224 323,1224 323,1256 272,1256"/><TextEquiv><Unicode>den</Unicode></TextEquiv></Word><Word id="w166"><Coords points="340,1223 471,1223 471,1255 340,1255"/><TextEquiv><Unicode>Arbeiter</Unicode></TextEquiv></Word><Word id="w167"><Coords points="497,1223 553,1223 553,1254 497,1254"/><TextEquiv><Unicode>und</Unicode></TextEquiv></Word><Word id="w168"><Coords points="582,1223 637,1223 637,1260 582,1260"/><TextEquiv><Unicode>sein</Unicode></TextEquiv></Word><Word id="w169"><Coords points="656,1221 795,1221 795,1260 656,1260"/><TextEquiv><Unicode>Interesse</Unicode></TextEquiv></Word><Word id="w170"><Coords points="821,1222 899,1222 899,1261 821,1261"/><TextEquiv><Unicode>mehr</Unicode></TextEquiv></Word><Word id="w171"><Coords points="924,1233 959,1233 959,1254 924,1254"/><TextEquiv><Unicode>an</Unicode></TextEquiv></Word><Word id="w172"><Coords points="987,1223 1115,1223 1115,1256 987,1256"/><TextEquiv><Unicode>Grund</Unicode></TextEquiv></Word><Word id="w173"><Coords points="1141,1223 1197,1223 1197,1255 1141,1255"/><TextEquiv><Unicode>und</Unicode></TextEquiv></Word><TextEquiv><Unicode>man den Arbeiter und sein Interesse mehr an Grund und</Unicode></TextEquiv></TextLine><TextLine id="l23"><Coords points="181,1275 1196,1275 1196,1316 181,1316"/><Word id="w174"><Coords points="181,1277 297,1277 297,1309 181,1309"/><TextEquiv><Unicode>Boden</Unicode></TextEquiv></Word><Word id="w175"><Coords points="323,1277 416,1277 416,1316 323,1316"/><TextEquiv><Unicode>fesseln</Unicode></TextEquiv></Word><Word id="w176"><Coords points="442,1275 525,1275 525,1314 442,1314"/><TextEquiv><Unicode>sollte.</Unicode></TextEquiv></Word><Word id="w177"><Coords points="579,1276 618,1276 618,1307 579,1307"/><TextEquiv><Unicode>Er</Unicode></TextEquiv></Word><Word id="w178"><Coords points="648,1275 706,1275 706,1312 648,1312"/><TextEquiv><Unicode>that</Unicode></TextEquiv></Word><Word id="w179"><Coords points="732,1276 792,1276 792,1307 732,1307"/><TextEquiv><Unicode>dies</Unicode></TextEquiv></Word><Word id="w180"><Coords points="818,1276 869,1276 869,1307 818,1307"/><TextEquiv><Unicode>mit</Unicode></TextEquiv></Word><Word id="w181"><Coords points="895,1276 1043,1276 1043,1316 895,1316"/><TextEquiv><Unicode>folgenden</Unicode></TextEquiv></Word><Word id="w182"><Coords points="1061,1276 1196,1276 1196,1309 1061,1309"/><TextEquiv><Unicode>Worten:</Unicode></TextEquiv></Word><TextEquiv><Unicode>Boden fesseln sollte. Er that dies mit folgenden Worten:</Unicode></TextEquiv></TextLine><TextLine id="l24"><Coords points="398,1328 1199,1328 1199,1361 398,1361"/><Word id="w183"><Coords points="398,1330 455,1330 455,1359 398,1359"/><TextEquiv><Unicode>„La</Unicode></TextEquiv></Word><Word id="w184"><Coords points="475,1329 557,1329 557,1354 475,1354"/><TextEquiv><Unicode>classc</Unicode></TextEquiv></Word><Word id="w185"><Coords points="572,1328 692,1328 692,1354 572,1354"/><TextEquiv><Unicode>ouvriere</Unicode></TextEquiv></Word><Word id="w186"><Coords points="706,1337 738,1337 738,1354 706,1354"/><TextEquiv><Unicode>ne</Unicode></TextEquiv></Word><Word id="w187"><Coords points="752,1330 862,1330 862,1361 752,1361"/><TextEquiv><Unicode>possfcde</Unicode></TextEquiv></Word><Word id="w188"><Coords points="882,1329 946,1329 946,1360 882,1360"/><TextEquiv><Unicode>rien,</Unicode></TextEquiv></Word><Word id="w189"><Coords points="962,1330 979,1330 979,1354 962,1354"/><TextEquiv><Unicode>il</Unicode></TextEquiv></Word><Word id="w190"><Coords points="993,1329 1053,1329 1053,1355 993,1355"/><TextEquiv><Unicode>faut</Unicode></TextEquiv></Word><Word id="w191"><Coords points="1067,1330 1091,1330 1091,1355 1067,1355"/><TextEquiv><Unicode>la</Unicode></TextEquiv></Word><Word id="w192"><Coords points="1106,1331 1199,1331 1199,1355 1106,1355"/><TextEquiv><Unicode>rendre</Unicode></TextEquiv></Word><TextEquiv><Unicode>„La classc ouvriere ne possfcde rien, il faut la rendre</Unicode></TextEquiv></TextLine><TextLine id="l25"><Coords points="342,1373 1199,1373 1199,1407 342,1407"/><Word id="w193"><Coords points="342,1373 565,1373 565,1407 342,1407"/><TextEquiv><Unicode>proprietaire</Unicode></TextEquiv></Word><Word id="w194"><Coords points="581,1393 584,1393 584,1398 581,1398"/><TextEquiv><Unicode>.</Unicode></TextEquiv></Word><Word id="w195"><Coords points="607,1393 612,1393 612,1398 607,1398"/><TextEquiv><Unicode>.</Unicode></TextEquiv></Word><Word id="w196"><Coords points="634,1393 639,1393 639,1397 634,1397"/><TextEquiv><Unicode>.</Unicode></TextEquiv></Word><Word id="w197"><Coords points="677,1373 737,1373 737,1398 677,1398"/><TextEquiv><Unicode>Elle</Unicode></TextEquiv></Word><Word id="w198"><Coords points="752,1375 793,1375 793,1398 752,1398"/><TextEquiv><Unicode>cst</Unicode></TextEquiv></Word><Word id="w199"><Coords points="808,1381 906,1381 906,1398 808,1398"/><TextEquiv><Unicode>eonnne</Unicode></TextEquiv></Word><Word id="w200"><Coords points="921,1382 955,1382 955,1399 921,1399"/><TextEquiv><Unicode>un</Unicode></TextEquiv></Word><Word id="w201"><Coords points="968,1375 1062,1375 1062,1406 968,1406"/><TextEquiv><Unicode>pouple</Unicode></TextEquiv></Word><Word id="w202"><Coords points="1077,1375 1199,1375 1199,1400 1077,1400"/><TextEquiv><Unicode>d’ilotes</Unicode></TextEquiv></Word><TextEquiv><Unicode>proprietaire . . . Elle cst eonnne un pouple d’ilotes</Unicode></TextEquiv></TextLine><TextLine id="l26"><Coords points="342,1418 1200,1418 1200,1449 342,1449"/><Word id="w203"><Coords points="342,1427 375,1427 375,1444 342,1444"/><TextEquiv><Unicode>au</Unicode></TextEquiv></Word><Word id="w204"><Coords points="405,1419 495,1419 495,1444 405,1444"/><TextEquiv><Unicode>milieu</Unicode></TextEquiv></Word><Word id="w205"><Coords points="526,1418 583,1418 583,1442 526,1442"/><TextEquiv><Unicode>d'un</Unicode></TextEquiv></Word><Word id="w206"><Coords points="614,1418 709,1418 709,1449 614,1449"/><TextEquiv><Unicode>peuple</Unicode></TextEquiv></Word><Word id="w207"><Coords points="739,1418 770,1418 770,1443 739,1443"/><TextEquiv><Unicode>de</Unicode></TextEquiv></Word><Word id="w208"><Coords points="800,1418 982,1418 982,1449 800,1449"/><TextEquiv><Unicode>sybarites.</Unicode></TextEquiv></Word><Word id="w209"><Coords points="1026,1419 1044,1419 1044,1443 1026,1443"/><TextEquiv><Unicode>II</Unicode></TextEquiv></Word><Word id="w210"><Coords points="1075,1419 1133,1419 1133,1444 1075,1444"/><TextEquiv><Unicode>faut</Unicode></TextEquiv></Word><Word id="w211"><Coords points="1163,1418 1200,1418 1200,1444 1163,1444"/><TextEquiv><Unicode>lui</Unicode></TextEquiv></Word><TextEquiv><Unicode>au milieu d'un peuple de sybarites. II faut lui</Unicode></TextEquiv></TextLine><TextLine id="l27"><Coords points="343,1462 1200,1462 1200,1495 343,1495"/><Word id="w212"><Coords points="343,1464 442,1464 442,1488 343,1488"/><TextEquiv><Unicode>donner</Unicode></TextEquiv></Word><Word id="w213"><Coords points="456,1471 507,1471 507,1488 456,1488"/><TextEquiv><Unicode>une</Unicode></TextEquiv></Word><Word id="w214"><Coords points="528,1463 602,1463 602,1495 528,1495"/><TextEquiv><Unicode>place</Unicode></TextEquiv></Word><Word id="w215"><Coords points="617,1463 680,1463 680,1487 617,1487"/><TextEquiv><Unicode>dans</Unicode></TextEquiv></Word><Word id="w216"><Coords points="695,1462 718,1462 718,1486 695,1486"/><TextEquiv><Unicode>la</Unicode></TextEquiv></Word><Word id="w217"><Coords points="738,1462 836,1462 836,1486 738,1486"/><TextEquiv><Unicode>societe</Unicode></TextEquiv></Word><Word id="w218"><Coords points="852,1464 884,1464 884,1490 852,1490"/><TextEquiv><Unicode>et.</Unicode></TextEquiv></Word><Word id="w219"><Coords points="893,1463 1013,1463 1013,1487 893,1487"/><TextEquiv><Unicode>attacher</Unicode></TextEquiv></Word><Word id="w220"><Coords points="1028,1471 1067,1471 1067,1487 1028,1487"/><TextEquiv><Unicode>s«s</Unicode></TextEquiv></Word><Word id="w221"><Coords points="1089,1463 1200,1463 1200,1489 1089,1489"/><TextEquiv><Unicode>interets</Unicode></TextEquiv></Word><TextEquiv><Unicode>donner une place dans la societe et. attacher s«s interets</Unicode></TextEquiv></TextLine><TextLine id="l28"><Coords points="343,1507 580,1507 580,1532 343,1532"/><Word id="w222"><Coords points="343,1509 357,1509 357,1532 343,1532"/><TextEquiv><Unicode>ä</Unicode></TextEquiv></Word><Word id="w223"><Coords points="377,1516 443,1516 443,1532 377,1532"/><TextEquiv><Unicode>ceux</Unicode></TextEquiv></Word><Word id="w224"><Coords points="464,1508 497,1508 497,1532 464,1532"/><TextEquiv><Unicode>du</Unicode></TextEquiv></Word><Word id="w225"><Coords points="518,1507 563,1507 563,1532 518,1532"/><TextEquiv><Unicode>sol.</Unicode></TextEquiv></Word><Word id="w226"><Coords points="570,1509 580,1509 580,1518 570,1518"/><TextEquiv><Unicode>u</Unicode></TextEquiv></Word><TextEquiv><Unicode>ä ceux du sol. u</Unicode></TextEquiv></TextLine><TextLine id="l29"><Coords points="274,1551 1200,1551 1200,1592 274,1592"/><Word id="w227"><Coords points="274,1552 370,1552 370,1584 274,1584"/><TextEquiv><Unicode>Wenn</Unicode></TextEquiv></Word><Word id="w228"><Coords points="396,1562 454,1562 454,1583 396,1583"/><TextEquiv><Unicode>nun</Unicode></TextEquiv></Word><Word id="w229"><Coords points="481,1551 545,1551 545,1590 481,1590"/><TextEquiv><Unicode>auch</Unicode></TextEquiv></Word><Word id="w230"><Coords points="572,1551 613,1551 613,1583 572,1583"/><TextEquiv><Unicode>bei</Unicode></TextEquiv></Word><Word id="w231"><Coords points="641,1551 687,1551 687,1582 641,1582"/><TextEquiv><Unicode>der</Unicode></TextEquiv></Word><Word id="w232"><Coords points="712,1551 919,1551 919,1592 712,1592"/><TextEquiv><Unicode>Organisation</Unicode></TextEquiv></Word><Word id="w233"><Coords points="949,1551 994,1551 994,1582 949,1582"/><TextEquiv><Unicode>der</Unicode></TextEquiv></Word><Word id="w234"><Coords points="1019,1551 1119,1551 1119,1586 1019,1586"/><TextEquiv><Unicode>Arbeit</Unicode></TextEquiv></Word><Word id="w235"><Coords points="1144,1553 1200,1553 1200,1586 1144,1586"/><TextEquiv><Unicode>und</Unicode></TextEquiv></Word><TextEquiv><Unicode>Wenn nun auch bei der Organisation der Arbeit und</Unicode></TextEquiv></TextLine><TextLine id="l30"><Coords points="184,1604 1200,1604 1200,1646 184,1646"/><Word id="w236"><Coords points="184,1605 230,1605 230,1637 184,1637"/><TextEquiv><Unicode>der</Unicode></TextEquiv></Word><Word id="w237"><Coords points="255,1604 520,1604 520,1646 255,1646"/><TextEquiv><Unicode>Besitzverhältnisse</Unicode></TextEquiv></Word><Word id="w238"><Coords points="554,1604 600,1604 600,1645 554,1645"/><TextEquiv><Unicode>für</Unicode></TextEquiv></Word><Word id="w239"><Coords points="626,1604 667,1604 667,1636 626,1636"/><TextEquiv><Unicode>die</Unicode></TextEquiv></Word><Word id="w240"><Coords points="693,1604 887,1604 887,1642 693,1642"/><TextEquiv><Unicode>Arbeitslosen</Unicode></TextEquiv></Word><Word id="w241"><Coords points="922,1604 963,1604 963,1636 922,1636"/><TextEquiv><Unicode>die</Unicode></TextEquiv></Word><Word id="w242"><Coords points="990,1604 1109,1604 1109,1639 990,1639"/><TextEquiv><Unicode>Grund-</Unicode></TextEquiv></Word><Word id="w243"><Coords points="1144,1607 1200,1607 1200,1639 1144,1639"/><TextEquiv><Unicode>und</Unicode></TextEquiv></Word><TextEquiv><Unicode>der Besitzverhältnisse für die Arbeitslosen die Grund- und</Unicode></TextEquiv></TextLine><TextLine id="l31"><Coords points="185,1657 1201,1657 1201,1700 185,1700"/><Word id="w244"><Coords points="185,1659 367,1659 367,1700 185,1700"/><TextEquiv><Unicode>Bodenfragc</Unicode></TextEquiv></Word><Word id="w245"><Coords points="393,1660 443,1660 443,1691 393,1691"/><TextEquiv><Unicode>mit</Unicode></TextEquiv></Word><Word id="w246"><Coords points="469,1660 497,1660 497,1690 469,1690"/><TextEquiv><Unicode>in</Unicode></TextEquiv></Word><Word id="w247"><Coords points="515,1658 648,1658 648,1696 515,1696"/><TextEquiv><Unicode>Betracht</Unicode></TextEquiv></Word><Word id="w248"><Coords points="674,1658 797,1658 797,1690 674,1690"/><TextEquiv><Unicode>kommen</Unicode></TextEquiv></Word><Word id="w249"><Coords points="824,1657 928,1657 928,1698 824,1698"/><TextEquiv><Unicode>dürfte,</Unicode></TextEquiv></Word><Word id="w250"><Coords points="946,1658 972,1658 972,1698 946,1698"/><TextEquiv><Unicode>so</Unicode></TextEquiv></Word><Word id="w251"><Coords points="998,1659 1029,1659 1029,1698 998,1698"/><TextEquiv><Unicode>ist</Unicode></TextEquiv></Word><Word id="w252"><Coords points="1054,1660 1114,1660 1114,1693 1054,1693"/><TextEquiv><Unicode>dies</Unicode></TextEquiv></Word><Word id="w253"><Coords points="1140,1660 1201,1660 1201,1700 1140,1700"/><TextEquiv><Unicode>doch</Unicode></TextEquiv></Word><TextEquiv><Unicode>Bodenfragc mit in Betracht kommen dürfte, so ist dies doch</Unicode></TextEquiv></TextLine><TextLine id="l32"><Coords points="186,1710 1202,1710 1202,1753 186,1753"/><Word id="w254"><Coords points="186,1721 241,1721 241,1743 186,1743"/><TextEquiv><Unicode>nur</Unicode></TextEquiv></Word><Word id="w255"><Coords points="275,1712 333,1712 333,1744 275,1744"/><TextEquiv><Unicode>eine</Unicode></TextEquiv></Word><Word id="w256"><Coords points="358,1712 558,1712 558,1752 358,1752"/><TextEquiv><Unicode>Sonderfragc</Unicode></TextEquiv></Word><Word id="w257"><Coords points="593,1711 639,1711 639,1751 593,1751"/><TextEquiv><Unicode>für</Unicode></TextEquiv></Word><Word id="w258"><Coords points="665,1711 707,1711 707,1742 665,1742"/><TextEquiv><Unicode>die</Unicode></TextEquiv></Word><Word id="w259"><Coords points="731,1710 976,1710 976,1753 731,1753"/><TextEquiv><Unicode>Verwirklichung</Unicode></TextEquiv></Word><Word id="w260"><Coords points="1012,1713 1060,1713 1060,1745 1012,1745"/><TextEquiv><Unicode>des</Unicode></TextEquiv></Word><Word id="w261"><Coords points="1085,1713 1202,1713 1202,1753 1085,1753"/><TextEquiv><Unicode>Rechtes</Unicode></TextEquiv></Word><TextEquiv><Unicode>nur eine Sonderfragc für die Verwirklichung des Rechtes</Unicode></TextEquiv></TextLine><TextLine id="l33"><Coords points="186,1765 1202,1765 1202,1807 186,1807"/><Word id="w262"><Coords points="186,1765 236,1765 236,1806 186,1806"/><TextEquiv><Unicode>aus</Unicode></TextEquiv></Word><Word id="w263"><Coords points="261,1766 369,1766 369,1798 261,1798"/><TextEquiv><Unicode>Arbeit.</Unicode></TextEquiv></Word><Word id="w264"><Coords points="418,1766 463,1766 463,1805 418,1805"/><TextEquiv><Unicode>In</Unicode></TextEquiv></Word><Word id="w265"><Coords points="488,1766 534,1766 534,1798 488,1798"/><TextEquiv><Unicode>der</Unicode></TextEquiv></Word><Word id="w266"><Coords points="552,1765 789,1765 789,1807 552,1807"/><TextEquiv><Unicode>Verwirklichung</Unicode></TextEquiv></Word><Word id="w267"><Coords points="815,1765 901,1765 901,1805 815,1805"/><TextEquiv><Unicode>dieses</Unicode></TextEquiv></Word><Word id="w268"><Coords points="919,1766 1036,1766 1036,1807 919,1807"/><TextEquiv><Unicode>Rechtes</Unicode></TextEquiv></Word><Word id="w269"><Coords points="1062,1767 1092,1767 1092,1804 1062,1804"/><TextEquiv><Unicode>ist</Unicode></TextEquiv></Word><Word id="w270"><Coords points="1118,1766 1202,1766 1202,1799 1118,1799"/><TextEquiv><Unicode>allein</Unicode></TextEquiv></Word><TextEquiv><Unicode>aus Arbeit. In der Verwirklichung dieses Rechtes ist allein</Unicode></TextEquiv></TextLine><TextEquiv><Unicode>man aufhören, mit den Maschinen und ihren Groß-
bcsitzcrn &gt;nchr Rücksicht zu haben, als mit den Millioncn,
die durch dieselben brodlos werden. Es sei damit nicht
gesagt, daß die Maschinen abgcschafft iverden sollen. Wohl
aber wird man sich dazu entschließen müssen, die Riesen-
ma sch inen der Großindustrie entsprechend zu be­
steuern, um aus dem Ertrage dieser Steuer Arbeits­
gelegenheit für Arbeitslose zu schaffen. Außerdem
muß man sich endlich entschließen, daß Recht auf Arbeit
schlechtweg anzucrkennen und die „heilige Scheu", die
man vor dieser Anerkennung hat, völlig fahren zu lassen.
Nur so wird die Industrie aufhören, der „Saturn" der
Arbeit zu sein, der seine Kinder verschlingt und nur von
ihrem Tode lebt.
Auch vor dem Mittel, den Arbeitslosen Grund
und Boden und das Nöthigc zu ihrer Bebauung zu
gewähren, darf man nicht zurückschreckcn, wenn es gilt, die
Gesellschaft vor einer Krisis zu bewahren, gegen die selbst
die Militärgcwalt keinen sicheren Schutz mehr gewähren
würde.
Louis Napoleon sprach sich seiner Zeit dafür aus, daß
man den Arbeiter und sein Interesse mehr an Grund und
Boden fesseln sollte. Er that dies mit folgenden Worten:
„La classc ouvriere ne possfcde rien, il faut la rendre
proprietaire . . . Elle cst eonnne un pouple d’ilotes
au milieu d'un peuple de sybarites. II faut lui
donner une place dans la societe et. attacher s«s interets
ä ceux du sol. u
Wenn nun auch bei der Organisation der Arbeit und
der Besitzverhältnisse für die Arbeitslosen die Grund- und
Bodenfragc mit in Betracht kommen dürfte, so ist dies doch
nur eine Sonderfragc für die Verwirklichung des Rechtes
aus Arbeit. In der Verwirklichung dieses Rechtes ist allein</Unicode></TextEquiv></TextRegion></Page></PcGts>