1323 1959
672 28 688 54 7

1317 0 1322 17 i

169 114 216 146 der
250 113 396 153 Politik
433 113 503 151 seine
543 112 736 153 zwingende
776 111 905 153 Geltung
942 114 1084 154 erlangen.
1134 114 1191 147 Die

169 166 335 208 Gründung
353 168 428 199 einer
446 165 768 205 völkerrechtlichen
786 165 1020 198 Welt-Union
1038 166 1087 206 auf
1106 168 1190 206 dieser

169 220 339 261 Grundlage
366 239 404 242 —
432 219 484 251 daö
510 218 539 256 ist
566 218 607 250 die
633 218 716 260 große
741 218 830 257 Thal,
866 218 907 250 die
934 218 1109 259 erforderlich
1144 221 1190 264 ist,

166 284 215 306 um
241 274 289 306 der
313 272 458 305 Barbarei
484 272 532 303 des
557 272 675 312 Krieges
700 274 782 303 unter
808 271 858 303 den
885 271 1047 310 civilisirten
1065 273 1188 306 Völkern

165 327 213 366 für
233 328 333 359 immer
359 327 402 358 ein
420 325 498 358 Ende
523 334 555 364 zu
573 325 684 365 machen
710 324 766 356 und
789 325 841 356 mit
867 324 927 356 dem
945 325 1188 366 Weltfrieden

165 381 212 412 der
237 380 333 413 Welt
346 379 540 419 Wohlfahrt
566 378 607 410 die
633 378 720 419 Wege
746 388 777 418 zu
804 377 900 410 ebnen.
951 378 1060 416 Indem
1087 379 1133 412 der
1158 381 1187 412 in

165 434 373 473 Antwerpen
412 442 475 464 vom
501 436 552 462 29.
579 431 687 472 August
725 431 769 463 bis
810 436 835 462 1.
863 432 1035 471 September
1072 434 1188 475 vorigen

165 488 277 527 Jahres
312 487 492 528 abgehaltcne
519 485 850 526 Fricdcnscongrcß
887 484 935 525 sich
962 486 1062 519 immer
1086 487 1187 520 wieder

166 541 215 579 für
244 541 297 572 das
322 540 420 579 bloße
445 537 871 579 Schicdsgcrichtssystem
897 539 1058 579 aussprach,
1085 541 1132 580 hat
1158 552 1186 574 er

164 595 211 625 der
220 594 312 632 Sache
324 593 373 625 des
386 592 524 633 Friedens
532 591 702 632 thatsächlich
711 592 736 630 so
745 592 835 632 wenig
846 592 987 631 Vorschub
995 593 1122 633 geleistet,
1134 596 1185 627 wie

164 647 234 685 seine
245 647 424 687 Vorgänger.
474 645 605 684 Ebenso
620 645 845 686 ungenügend
858 645 888 684 ist
899 645 951 677 das
965 646 1184 687 „Mittelchen",

163 701 215 732 das
241 701 270 731 in
297 700 406 738 Gestalt
444 700 520 731 eines
555 698 1100 741 Waffenstillstandsvcctrages
1135 702 1185 743 auf

163 754 273 794 längere
298 753 362 793 Zeit
387 753 466 792 auf's
492 752 585 792 Tapet
610 752 735 794 gebracht
759 752 865 784 wurde.

250 807 364 839 Nimmt
411 816 479 838 man
520 816 567 844 an,
616 806 668 845 daß
710 805 815 846 infolge
862 806 909 838 der
950 807 1183 848 allgemeinen

161 860 395 900 Wehrpflicht
421 860 462 891 die
487 859 615 892 Völker
641 859 716 898 selbst
741 859 965 899 friedliebender,
991 860 1063 893 denn
1088 863 1111 902 je
1137 873 1180 905 ge­

161 915 271 947 worden
298 914 356 952 sind
382 914 437 946 und
464 913 517 952 daß
554 913 619 953 auch
645 913 685 945 die
723 913 1103 955 Staatsoberhäupter
1141 917 1183 950 die

160 968 462 1008 Verantwortung
500 967 547 1007 für
572 968 651 999 einen
677 968 761 1009 Krieg
796 969 849 999 mit
874 968 966 1007 seinen
1003 968 1182 1010 furchtbaren

160 1021 266 1062 Folgen
291 1021 373 1062 nicht
398 1022 492 1061 mehr
518 1021 629 1059 leichten
646 1021 772 1062 Herzens
798 1032 828 1062 zu
854 1021 1043 1062 übernehmen
1068 1025 1177 1066 geneigt

159 1074 227 1112 sind,
245 1076 296 1107 wie
321 1076 373 1107 wir
393 1081 447 1107 aus
472 1075 545 1116 jeder
563 1074 728 1114 Thronrede
756 1075 812 1107 und
831 1074 1180 1118 Präsidenten-Botschaft

159 1129 278 1168 ersehen,
305 1147 344 1150 —
371 1129 474 1160 nimmt
500 1138 567 1160 man
593 1129 686 1168 ferner
712 1138 760 1166 an,
786 1128 839 1168 daß
865 1138 885 1169 z.
905 1128 944 1160 B.
972 1129 1179 1170 Frankreich

158 1185 220 1222 trotz
245 1182 331 1220 seiner
356 1183 526 1223 glänzenden
552 1182 914 1222 Armee-Reorganisation
940 1186 979 1214 25
998 1182 1091 1222 Jahre
1117 1193 1176 1215 ver­

157 1235 282 1275 streichen
308 1235 371 1274 ließ,
409 1236 477 1274 ohne
503 1236 589 1274 seiner
614 1234 813 1274 Rcvanchelust
851 1235 937 1275 Folge
962 1245 994 1275 zu
1018 1236 1113 1277 geben,
1151 1237 1177 1275 so

158 1288 221 1328 darf
246 1299 312 1320 man
350 1288 450 1331 füglich
477 1289 643 1328 behaupten,
682 1288 735 1327 daß
761 1295 790 1319 cs
827 1298 881 1320 nur
907 1289 953 1321 der
979 1289 1177 1327 Initiative

158 1343 232 1374 einer
259 1342 466 1382 Großmacht
504 1342 639 1382 bedürfte,
676 1351 725 1373 um
763 1351 794 1382 zu
831 1343 906 1374 einer
930 1342 1073 1382 Reform
1109 1343 1174 1375 und

157 1397 405 1436 Eodification
432 1398 489 1429 des
514 1396 757 1435 Völkerrechts
782 1406 813 1436 zu
838 1397 984 1437 gelangen,
1003 1397 1053 1428 wie
1080 1396 1115 1436 ich
1141 1396 1175 1435 sic

155 1442 230 1489 schon
267 1452 305 1482 im
331 1451 424 1490 Jahre
452 1455 533 1481 1872
572 1452 599 1481 in
626 1450 731 1481 meiner
756 1449 868 1489 Schrift
907 1449 1104 1491 „Grundzüge
1128 1460 1176 1491 zur

154 1503 274 1543 Reform
312 1504 368 1535 und
406 1503 594 1541 Eodification
631 1503 680 1534 des
713 1502 924 1542 Völkerrechts"
964 1503 1173 1545 vorgcschlagcn

154 1556 263 1598 habe.*)
312 1557 367 1589 Die
393 1556 541 1597 bezügliche
559 1556 715 1593 Initiative
740 1556 834 1588 würde
858 1565 905 1587 um
931 1556 956 1594 so
982 1555 1092 1596 sicherer
1118 1567 1172 1589 von

225 1644 251 1678 *)
273 1645 336 1673 Eine
367 1644 534 1677 vollständige
556 1644 728 1678 Ucbersetzung
760 1644 800 1670 der
820 1643 872 1676 hier
896 1643 993 1672 citirten
1015 1645 1112 1679 Schrift
1134 1654 1157 1673 er

154 1688 227 1722 schien
250 1689 274 1717 in
297 1691 341 1718 den
376 1690 553 1721 „Etats-Ilnii
575 1690 721 1722 d’Europe“
754 1688 845 1722 (Genf)
867 1688 899 1716 im
933 1691 1067 1721 „Bulletin
1096 1693 1127 1718 de
1150 1693 1174 1717 la

156 1735 261 1761 Sociöte
282 1737 326 1762 des
347 1737 410 1762 aniis
432 1736 462 1761 de
483 1736 507 1761 la
527 1735 586 1767 paix
608 1733 716 1767 (Paris)
744 1734 795 1760 und
817 1733 849 1762 im
885 1736 1002 1765 „Harald
1024 1737 1052 1762 ul
1070 1737 1170 1763 Peaeo“

155 1779 300 1814 (London).
