1267 1959
185 88 193 91 r
226 82 394 129 erſchienene
416 69 571 133 Shriften
592 99 649 122 von
678 84 834 133 demſelben
855 90 1000 148 Verfaſſer
1014 109 1021 130 :

201 151 245 189 em
248 141 322 183 und
347 146 509 189 Geſchichte
537 149 590 184 des
603 150 848 192 Naturalismus.
897 156 1033 203 (Leipzig,
1047 160 1114 204 fünf
1142 172 1161 191 -

169 187 348 235 Auflagen.)
396 193 472 235 Auch
496 195 528 228 in
552 197 699 239 engliſcher
723 200 921 245 Ueberſegung
947 203 1118 254 erſchienen.

216 240 334 288 Kampf
356 253 407 280 um
439 245 487 281 die
511 248 702 293 europäiſche
726 251 934 295 Suprematie.
982 250 1112 305 (Berlin,

224 287 261 336 rl
275 287 472 332 Siegismund
502 294 613 336 1890.)

210 435 553 490 _franzöſiſh-dentſher
587 444 761 491 Ausgleih.
803 450 932 493 (Berlin,
972 454 1108 496 Reform-

164 484 332 535 Verlag.)

164 540 196 567 er
228 535 323 576 Staat
362 539 525 583 BSellamy’s
565 542 625 578 und
652 544 726 585 ſeine
765 547 930 593 Nachfolge.
978 552 1108 595 (Berlin,

231 578 443 631 orm-Verlag.)
758 610 760 612 \

233 634 472 680 ogitautenthum
497 641 553 674 als
569 642 724 677 Staats-
751 647 821 678 und
840 647 1097 693 Weltreligion.

187 680 307 728 Berlin,
329 682 411 717 Carl
428 683 624 727 Siegismund
652 689 761 731 1893.)
867 706 870 707 :
1126 698 1134 707 4

174 731 176 733 ?
203 732 328 820 as
355 734 480 771 Motive
505 736 556 772 des
574 737 771 783 Strafrechts.
819 744 950 787 (Berlin,
969 748 1102 788 Reform-

246 782 291 836 ag.
441 816 443 818 :

217 829 394 876 nationales
437 834 710 873 Säcular-Aibum.
759 842 785 873 [.
825 842 924 883 Band.
973 846 1102 888 (Berlin,

170 875 252 930 Carl
268 876 490 921 Siegismund.)

268 1919 399 1952 Muzsfalla,
410 1919 492 1952 Verlin
499 1924 563 1948 SW.,
575 1921 708 1949 Wilhelmſtr.
713 1928 761 1948 16.
773 1919 985 1952 Tel.-AnfHl.
933 1919 985 1952 Art
