1323 1959
144 103 282 146 drängen,
321 103 376 143 daß
415 60 516 142 E
540 105 603 144 troy
643 102 712 136 aller
750 101 909 142 politiſhen
944 101 1068 142 Freiheit
1110 102 1161 134 die

145 157 302 198 Exiſtenz
335 156 392 189 der
417 156 608 196 Einzelnen
634 157 754 188 immer
778 156 873 193 mehr
908 156 942 187 in
969 154 1082 196 Frage
1107 165 1160 196 ge-

145 210 237 250 ſtellt
272 209 354 247 wird,
396 228 434 232 —
475 210 544 249 dieſe
580 208 732 248 Thatſache
772 210 820 248 hat
856 209 902 242 bis
936 209 992 249 jezt
1028 208 1071 241 bei
1110 209 1162 241 den

148 263 345 306 Regierenden
372 263 431 296 und
456 263 498 296 bei
525 263 578 296 den
602 261 764 303 beſigenden
790 262 902 301 Claſſen
927 261 1067 300 durchaus
1092 261 1162 301 nicht

146 317 189 351 die
208 316 249 357 ihr
275 316 468 358 zukommende
493 316 658 357 Beachtung
682 315 831 357 gefunden.

235 370 303 403 Das
329 368 727 409 Geſammtheitsbewußtſein
761 369 819 401 und
860 368 913 401 das
936 368 1163 408 Bewußtſein

146 424 194 458 der
217 422 680 462 Jntereſſen-Solidarität
712 422 759 455 der
793 431 930 463 ganzen
955 421 1163 462 Menſchheit

145 477 176 517 iſt
212 483 254 515 es,
295 477 349 510 das
388 476 431 508 die
471 476 571 517 legtere
610 476 657 508 als
697 475 932 515 Geſellſchaft
971 475 1162 515 kennzeichnet.

146 530 231 571 Dieſe
247 529 605 569 Jntereſſen-Solidarität
622 528 770 569 erfordert,
788 528 842 568 daß
859 529 947 568 jedem
965 529 1163 569 Angehörigen

147 583 195 616 der
220 582 399 623 Geſellſchaft
433 583 475 614 die
500 582 651 622 Exiſtenz
677 582 826 619 innerhalb
861 582 946 620 dieſer
970 581 1163 621 ermöglicht

148 637 229 678 bezw.
247 635 408 678 geſichert
425 636 505 668 wird.
554 635 651 668 Wenn
669 635 711 667 die
730 634 908 674 Geſellſchaft
926 635 977 667 den
995 634 1116 667 Arbeit
1130 641 1162 666 s-

148 690 239 730 loſen
271 690 372 729 ſeinem
397 688 533 727 Schiſal
558 688 698 726 überläßt,
732 688 759 726 ſo
784 688 886 729 drängt
920 687 955 726 ſie
980 688 1027 726 ihn
1060 687 1165 727 einfach

148 742 199 784 auf
223 743 266 776 die
282 741 377 784 Pfade
402 742 451 774 des
469 741 739 780 Anarchismus,
757 742 783 773 d.
804 741 828 776 h.
848 751 896 780 zur
912 740 1166 782 Kriegserklärung

148 806 233 839 gegen
255 797 315 829 eine
339 795 511 835 menſchliche
529 794 709 835 Geſellſchaft
734 795 803 833 ohne
821 794 1163 835 Menſchlichkeitsgefühl.

238 859 324 892 Statt
348 859 409 891 dies
434 858 593 897 einzuſchen
617 857 675 890 und
692 857 855 898 demgemäß
879 867 911 898 zu
936 857 1067 895 handeln,
1086 857 1162 889 über-

149 912 235 952 laſſen
259 913 302 945 die
335 911 496 953 beſigenden
521 911 633 950 Klaſſen
667 911 709 943 die
739 910 881 952 Fürſorge
906 911 953 951 für
978 911 1019 943 die
1044 910 1168 946 Abwehr

150 967 196 1000 der
214 976 275 1000 von
300 966 385 1005 ihnen
409 965 486 1005 ſelbſt
503 965 553 1006 auf
578 965 630 997 den
648 964 822 1006 Kriegspfad
847 965 1018 1006 gedrängten
1036 964 1164 997 Arbeits:

139 1020 225 1061 loſen
249 1019 373 1061 lediglih
398 1019 445 1051 der
462 1018 582 1059 Polizei.
630 1017 714 1056 Dieſe
739 1017 800 1055 thut
826 1017 1084 1057 ſelbſtverſtändlich
1109 1018 1168 1056 ihre

150 1072 264 1114 Pflicht.
312 1072 389 1107 Aber
413 1072 456 1104 die
481 1071 660 1112 Geſellſchaft
690 1071 738 1109 hat
762 1072 851 1104 damit
887 1072 945 1108 ihre
969 1070 1082 1111 Pflicht!
1098 1071 1169 1109 nicht

151 1126 256 1167 erfüllt.
305 1126 362 1158 Sie
395 1125 541 1163 beſchwört
575 1124 709 1162 vielmehr
733 1124 814 1164 dur<h
849 1124 936 1163 dieſes
961 1124 1077 1164 herzloſe
1109 1125 1167 1157 und

151 1179 282 1218 thörichte
311 1178 469 1217 Verhalten
500 1177 648 1216 Gefahren
683 1177 792 1217 herauf,
826 1177 914 1209 denen
949 1177 1096 1216 ſchließli<h
1126 1178 1169 1208 die

153 1232 369 1273 Staatsgewalt
393 1230 464 1269 uicht
489 1231 567 1269 mehr
591 1229 745 1271 gewachſen
771 1230 826 1267 ſein
852 1229 953 1269 dürfte.

243 1284 375 1325 Einzelne
399 1283 598 1324 Regierungen
623 1283 716 1322 ſuchen
741 1282 814 1319 wohl
840 1284 891 1315 mit
913 1282 1019 1315 allerlei
1044 1282 1169 1320 halben

154 1336 370 1379 Maßregeln
394 1336 451 1369 und
476 1335 608 1368 kleinen
633 1335 754 1379 Mittel
776 1335 836 1374 hen
854 1335 969 1376 Abhilfe
993 1345 1025 1376 zu
1042 1335 1168 1375 ſchaffen.

81 1390 256 1435 Dahin
281 1390 377 1432 gehört
409 1390 451 1422 die
476 1389 589 1421 Alters-
615 1389 672 1421 und
696 1387 997 1430 Unfallverſicheruug,
1032 1390 1085 1422 das
1111 1389 1170 1422 Ge-

123 1457 126 1462 “
155 1444 200 1485 ſey
224 1443 272 1476 der
296 1442 382 1483 ſüßen
407 1442 635 1483 Sonntagsruhe
659 1441 717 1475 und
749 1441 915 1482 dergleichen
941 1442 1174 1489 Einrichtungen,

157 1496 200 1529 die
232 1497 283 1529 ‘den
312 1495 496 1536 Arbeitgeber
530 1494 659 1533 belaſten,
695 1494 764 1533 ohne
797 1495 859 1527 dem
888 1494 1019 1527 Arbeiter
1053 1495 1108 1527 viel
1141 1505 1173 1536 zu

158 1548 261 1591 helfen,
284 1548 417 1589 während
443 1547 478 1587 ſie
502 1548 550 1589 für
575 1547 626 1580 den
644 1547 841 1587 Arbeitsloſen
866 1548 1024 1588 überhaupt
1049 1548 1120 1589 nicht
1144 1549 1174 1581 in

158 1602 292 1642 Betracht
315 1602 450 1635 kommen.

247 1655 323 1689 Nein
346 1656 428 1696 durch
445 1655 527 1695 ſolche
544 1655 629 1688 kleine
646 1654 811 1693 Mittelchen
828 1655 899 1687 wird
924 1655 971 1687 der
988 1655 1174 1695 Zuſammen-

159 1709 241 1751 ſturz,
256 1709 304 1742 der
316 1709 359 1743 die
372 1709 503 1742 moderne
518 1708 696 1749 Geſellſchaft
714 1707 838 1746 bedroht,
854 1707 933 1744 ſicher
945 1706 1016 1746 nicht
1029 1707 1175 1750 hintange-

164 1763 259 1805 halten
292 1762 414 1796 werden.
463 1762 519 1796 Um
553 1762 711 1804 gründliche
736 1760 851 1802 Abhilfe
884 1771 915 1802 zu
949 1760 1076 1801 ſchaffen,
1108 1761 1177 1802 muß
