1323 1959
370 0 422 23 E
450 0 485 17 CE
491 0 510 13 Er
531 0 550 21 R
563 0 598 23 SMG
610 0 630 23 MOT
646 0 660 13 M
674 0 692 20 SL
710 0 728 18 e
740 1 759 23 TEI

232 439 365 474 Seitdem
381 440 424 473 die
440 440 566 482 Königin
583 440 630 474 der
646 440 886 483 Wiſſenſchaften,
904 441 947 475 die
963 440 1158 483 Philoſophie,

141 493 213 533 niht
236 494 316 530 mehr
339 494 370 527 in
386 494 482 533 Ehren
505 493 572 534 ſteht
586 494 645 527 und
670 494 746 534 ſelbſt
770 495 824 528 das
842 493 935 535 „Volk
958 494 1007 528 der
1022 494 1185 542 Denker“

142 544 190 586 ſih
206 556 262 580 von
288 547 332 587 ihr
348 546 535 588 abzuwenden
560 546 668 587 ſcheint,
685 547 797 587 ſeitdem
821 547 911 587 macht
934 546 983 588 ſih
1006 547 1059 589 auf
1082 545 1161 591 allen

140 599 280 634 Gebieten
313 601 363 634 des
387 600 561 640 öffentlichen
585 600 695 635 Lebens
727 601 785 634 und
810 600 852 634 bei
877 601 1054 643 Erörterung
1079 601 1142 640 alle

138 653 386 696 weltbewegenden
411 654 525 697 Fragen
559 655 618 688 eine
642 654 806 695 Unklarheit
839 654 898 688 und
926 653 1158 703 Verworrenheit

139 706 307 748 bemerklih,
324 708 420 747 welhe
444 718 499 741 nur
523 708 658 749 allzuſchr
681 708 751 749 dazu
776 708 919 750 angethan
942 708 985 748 iſt,
1009 708 1053 742 die
1065 708 1156 752 Lage,

138 759 169 793 in
192 760 240 793 der
264 760 307 798 die
331 760 462 794 moderne
487 760 667 802 Geſellſchaft
700 760 749 802 ſih
774 760 903 801 befindet,
934 771 967 803 zu
991 761 1155 803 erſhweren

137 813 194 847 und
228 814 288 848 eine
320 814 523 859 befriedigende
547 815 659 857 Löſung
692 814 740 849 der
764 813 957 850 obwaltenden
980 814 1157 890 SOUDE

136 866 222 902 keiten
246 868 311 909 no<
335 869 414 909 mehr
438 869 469 902 in
493 869 536 903 die
562 869 652 912 Ferne
676 881 708 912 zu
732 870 835 904 rü>en.

226 922 303 962 Auch
336 922 414 962 heute
447 923 548 965 gelten,
584 934 665 958 wenn
699 924 781 970 glei<h
812 927 895 958 unter
927 934 998 967 ganz
1021 919 1156 978 anderen

135 974 345 1017 Verhältniſſen
370 975 413 1008 die
437 975 548 1014 Worte,
584 977 627 1011 die
650 977 782 1017 Thiers
815 988 863 1012 am
896 982 926 1010 4.
952 965 1041 1024 März
1067 977 1155 1023 1840

134 1028 175 1060 im
198 1028 419 1070 geſezgebenden
441 1029 551 1069 Körper
574 1039 630 1063 von
654 1030 819 1072 Frankreih
844 1030 1011 1072 ausſprach:

116 1089 118 1092 -
350 1091 389 1122 „Tl
409 1100 443 1118 ne
462 1091 538 1118 suffit
557 1100 604 1126 pas
632 1093 664 1119 de
683 1093 777 1120 l'ordre
796 1093 926 1125 matériel,
954 1094 975 1120 il
994 1093 1056 1122 faut

294 1136 327 1162 de
354 1136 448 1162 l’ordre
476 1137 566 1168 moral,
597 1138 756 1164 c’est-à-dire
785 1138 914 1166 l'union
944 1139 999 1165 des
1028 1146 1116 1173 espri

294 1188 365 1206 vers
385 1188 425 1207 un
444 1181 500 1207 but
521 1189 679 1213 commnn;
693 1183 757 1209 telle
771 1184 812 1209 est
825 1182 994 1217 aujourd’hui
1006 1183 1033 1209 la
1040 1182 1156 1220 mission

292 1224 407 1257 imposés
436 1232 471 1250 anu
490 1229 709 1258 gouvernement.
747 1225 864 1253 L'heure
891 1229 933 1253 est
961 1234 1048 1253 venue
1069 1227 1121 1256 de

293 1269 475 1302 comprendre;
495 1277 561 1295 nous
581 1270 707 1296 assistons
727 1271 742 1296 à
762 1278 797 1296 un
816 1270 1069 1298 renouvellement.“

222 1319 302 1361 Auch
324 1321 403 1361 heute
428 1321 517 1361 haben
541 1323 595 1355 wir
619 1329 677 1356 uns
701 1332 752 1356 vor
768 1322 863 1357 Allem
887 1323 945 1357 klar
968 1333 1001 1365 zu
1024 1322 1122 1371 mache

132 1372 188 1414 daß
199 1374 253 1407 wir
265 1375 341 1408 einer
352 1375 608 1417 wirthſchaftlichen
621 1376 679 1409 und
691 1376 849 1418 politiſchen
856 1372 1085 1428 Neugeſtaltung

105 1427 315 1472 gegengehen,
328 1437 361 1468 zu
369 1428 452 1461 deren
462 1422 759 1469 wünſchenswerthem
765 1429 904 1472 Verlaufe
914 1436 945 1463 es
959 1422 1054 1474 nöthig
1072 1422 1152 1474 wäre,

106 1479 185 1520 daß
199 1478 252 1513 alle
262 1480 504 1519 wohlmeinenden
527 1481 586 1514 und
596 1482 678 1523 tiefer
698 1482 850 1516 bli>enden
875 1483 986 1522 Geiſter
1009 1477 1065 1524 ſih
1080 1482 1165 1520 über

112 1533 177 1568 “ein
200 1531 372 1571 beſtimmtes
395 1533 459 1574 Ziel
484 1534 605 1576 einigen,
625 1535 722 1576 ebenſo
746 1536 798 1570 wie
821 1535 891 1569 über
914 1535 959 1568 die
976 1534 1076 1579 Wege,
1100 1534 1164 1607 liiee
1172 1531 1184 1541 y

131 1585 251 1624 ‘daſſelbe
274 1595 307 1628 zu
331 1587 476 1628 erreichen.

59 1634 121 1680 E
218 1638 276 1674 Die
299 1640 464 1682 Thatſache,
501 1642 556 1683 daß
591 1642 660 1676 alle
685 1641 907 1683 Fortſchritte
943 1643 991 1678 der
1027 1617 1155 1686 Technik

104 1702 197 1740 nur
201 1692 272 1728 die
288 1694 684 1736 Maſchinenarbeit
632 1692 692 1740 und
709 1695 763 1728 das
780 1695 869 1736 Wohl
893 1697 949 1731 der
965 1696 1152 1740 Maſchinen-

128 1744 232 1798 beſiger
257 1746 417 1789 fördern,
453 1749 496 1783 die
529 1748 700 1790 menſchlihe
724 1749 903 1791 Handarbeit
936 1752 1060 1795 dagegen
1083 1760 1152 1799 ver-
