1323 1959
169 114 217 147 der
250 113 398 154 Politik
432 112 504 152 ſeine
542 111 738 155 zwingende
776 111 906 155 Geltung
941 113 1086 156 erlangen.
1133 106 1167 161 D

168 166 337 209 Gründung
353 167 429 200 einer
447 164 559 198 völker
569 164 769 209 re<htlihen
786 164 1021 200 Welt-Union
1037 165 1090 208 auf
1105 167 1134 202 di

168 220 340 262 Grundlage
365 238 406 243 —
432 219 486 252 das
509 217 541 257 iſt
566 218 609 251 die
633 218 717 261 große
741 217 831 258 That,
866 218 909 252 die
933 216 1110 261 erforderlich
1135 216 1169 261 iſt

166 284 216 308 um
241 274 290 307 der
313 272 459 307 Barbarei
483 271 534 305 des
557 271 676 314 Krieges
700 274 783 305 unter
807 270 860 304 den
884 271 1048 312 civiliſirten
1064 273 1124 309 Völ

164 327 214 368 für
232 327 335 360 immer
359 327 404 359 ein
420 325 500 359 Ende
523 334 556 366 zu
573 324 685 366 machen
710 324 767 358 und
789 325 842 358 mit
866 324 929 358 dem
945 322 1170 367 Weltfriede

165 381 213 414 der
237 378 541 420 Weltwohlfahrt
566 378 608 411 die
633 377 722 421 Wege
746 387 778 420 zu
804 377 902 415 ebnen,
950 378 1062 418 Jndem
1086 379 1135 416 der

165 434 374 475 Antwerpen
411 442 476 466 vom
501 436 553 464 29.
578 431 689 474 Auguſt
725 431 771 465 bis
809 436 836 464 1.
863 431 1036 472 September
1071 433 1134 467 vori

164 487 278 528 Jahres
312 487 494 530 abgehaltene
519 484 851 527 Friedenscongreß
886 484 937 526 ſich
961 476 1063 520 immer
1086 487 1124 521 wi

166 540 217 581 für
244 541 298 573 das
322 539 421 580 bloße
445 537 872 580 Schiedsgerichts\ſyſtem
897 538 1059 581 ausſprach,
1084 540 1134 582 hat

164 594 212 627 der
220 593 313 633 Sache
324 593 374 627 des
385 592 525 634 Friedens
532 591 737 633 thatſächlichſo
745 591 837 633 wenig
846 591 989 633 Vorſchub
995 593 1124 635 geleiſtet,
1133 598 1162 633 w

163 647 235 686 ſeine
245 646 425 689 Vorgänger.
474 645 606 685 Ebenſo
619 645 846 687 ungenügend
857 644 889 685 iſt
898 645 953 679 das
965 645 1154 688 „Mittelchen

162 701 217 733 das
241 700 271 733 in
296 699 408 740 Geſtalt
444 700 522 733 eines
562 698 878 747 Waffenſtillſtand
890 701 1118 743 svectrages
1134 711 1174 768 a

162 754 274 796 längere
298 753 363 795 Zeit
387 753 468 793 auf's
492 752 586 793 Tapet
610 751 737 795 gebracht
759 752 867 786 wurde.

250 807 365 840 Nimmt
411 816 480 840 man
519 816 568 845 an,
615 805 670 846 daß
710 805 816 848 infolge
862 806 910 840 der
949 772 1143 850 ¿genz

160 860 397 901 Wehrpflicht
420 860 463 893 die
487 859 616 893 Völker
640 859 717 899 ſelbſt
741 859 966 901 friedliebender,
990 860 1065 896 denn
1088 862 1120 904 je
1136 867 1189 910 ge-

160 915 273 948 worden
297 913 357 953 ſind
381 914 439 947 und
464 913 518 954 daß
554 913 620 954 auch
645 913 687 947 die
723 913 1105 957 Staatsoberhäupter

160 968 463 1010 Verantwortung
500 967 548 1008 für
572 968 652 1000 einen
676 968 762 1010 Krieg
796 968 850 1001 mit
874 968 967 1008 ſeinen
1003 968 1132 1012 furchtba!

159 1020 267 1064 Folgen
291 1021 374 1063 niht
398 1022 493 1062 mehr
518 1021 630 1061 leiten
646 1021 773 1063 Herzens
797 1031 830 1063 zu
854 1021 1045 1063 übernehmen
1068 1023 1196 1069 geneigt

158 1074 229 1114 ſind,
245 1076 298 1109 wie
321 1076 374 1109 wir
392 1081 448 1108 aus
472 1075 546 1117 jeder
562 1074 729 1115 Thronrede
756 1075 814 1108 und
830 1074 1160 1120 Präſidenten-Botſcha|

158 1128 279 1169 erſehen,
305 1147 345 1152 —
371 1129 476 1162 nimmt
499 1138 568 1162 man
593 1128 687 1169 ferner
711 1138 761 1167 an,
786 1128 840 1169 daß
865 1137 886 1170 z.
905 1128 946 1162 B.
971 1128 1132 1171 Frankre

157 1184 221 1224 troy
244 1182 332 1221 ſeiner
356 1183 527 1224 glänzenden
552 1181 916 1224 Armee-Reorganiſation
940 1186 980 1215 25
998 1175 1093 1224 Jahre

157 1235 283 1276 ſtreichen
308 1235 372 1275 ließ,
408 1236 478 1276 ohne
502 1236 590 1275 ſeiner
613 1234 814 1275 Revancheluſt
851 1234 938 1277 Folge
961 1245 995 1277 zu
1014 1235 1115 1280 geben,

157 1288 222 1330 darf
246 1298 314 1322 man
350 1288 452 1332 füglih
477 1288 644 1330 behaupten,
681 1287 736 1329 daß
760 1294 792 1321 es
827 1298 883 1327 nur
906 1288 954 1323 der
978 1284 1136 1328 Jnitiati

157 1343 234 1376 einer
258 1342 467 1384 Großmacht
504 1342 640 1383 bedürfte,
676 1351 726 1375 um
762 1351 795 1383 zu
831 1343 907 1376 einer
930 1342 1075 1384 Reform

156 1396 407 1438 Codification
431 1398 490 1430 des
514 1396 758 1437 Völkerrechts
782 1406 814 1437 zu
838 1396 988 1439 gelangen,
1002 1388 1055 1430 wie
1078 1392 1129 1440 ih

154 1442 232 1490 ſhon
267 1451 307 1484 im
330 1450 425 1491 Jahre
451 1454 535 1483 1872
572 1451 602 1483 in
626 1450 732 1483 meiner
756 1449 869 1490 Schrift
907 1448 1112 1494 „Grundzüge

153 1503 276 1545 Reform
312 1504 369 1537 und
405 1502 596 1542 Codification
631 1503 681 1536 des
712 1502 925 1543 Völkerrehts“
964 1502 1165 1552 vorgeſchlagen

154 1556 265 1599 habe.*)
311 1556 368 1590 Die
393 1556 543 1598 bezügliche
559 1556 716 1594 Jnitiative
739 1555 835 1589 würde
857 1565 907 1589 um
930 1556 958 1596 ſo
982 1555 1097 1598 ſicherer
1117 1549 1174 1603 von

224 1644 253 1679 *)
273 1645 338 1675 Eine
367 1644 536 1678 vollſtändige
555 1644 729 1679 Ueberſezung
760 1644 801 1672 der
820 1642 873 1678 hier
896 1643 995 1674 citirten
1014 1644 1114 1682 Schrift
1147 1639 1153 1642 ex

153 1688 228 1724 ſchien
250 1689 276 1718 in
297 1691 343 1719 den
376 1690 555 1722 „Etats-Unis
575 1690 722 1723 d'Europe“
754 1688 846 1723 (Genf)
866 1688 900 1717 im
933 1691 1069 1722 „Bulletin
1095 1692 1132 1719 de
1142 1692 1176 1721 la

155 1735 263 1762 Société
282 1737 328 1763 des
347 1737 412 1764 amis
432 1736 464 1763 de
483 1736 509 1762 la
527 1735 587 1769 paix
608 1733 717 1768 (Paris)
744 1733 797 1762 und
816 1732 851 1763 im
885 1736 1003 1767 „Herald
1023 1737 1054 1764 of
1070 1728 1172 1770 Peace“

154 1779 302 1816 (London).
