1267 1959
117 119 219 162 Erfolg
241 119 369 162 begleitet
392 120 460 159 ſein,
493 119 539 152 als
563 118 607 151 die
630 127 715 160 ganze
739 117 876 158 politiſche
899 116 1044 158 Weltlage
1069 117 1133 150 dar-

117 172 190 213 thut,
214 172 269 213 daß
293 173 341 206 der
365 172 609 212 Schwerpunkt
645 171 692 203 der
727 171 973 211 auswärtigen
997 169 1136 209 Politik

77 231 97 265 E
114 216 167 285 für
187 227 234 260 die
270 226 510 267 europäiſchen
536 223 724 265 Großmächte
761 225 817 266 jet
841 223 893 264 faſt
930 222 1136 267 ausſchließlich

118 274 150 317 in
188 280 241 313 den
280 279 585 320 Colonialfragen
626 278 690 311 oder
728 277 897 320 wenigſtens
937 277 967 309 in
1006 276 1136 317 außer-

119 333 289 375 europä
297 333 368 374 iſchen
392 333 506 376 Fragen
533 333 599 374 liegt
624 332 680 365 und
705 331 761 371 daß
786 332 815 364 in
840 330 878 364 all
908 331 998 370 dieſen
1023 329 1138 372 Fragen

116 389 166 425 ein
199 387 524 429 Zuſammengehen
565 387 658 419 aller
697 385 916 425 civiliſirten
952 384 1138 417 Nationen

116 439 173 481 den
188 440 350 481 Jntereſſen
375 444 422 473 der
437 441 591 481 Einzelnen
616 439 767 480 derſelben,
784 439 836 472 wie
861 439 908 471 der
927 437 1136 477 Geſammtheit

120 499 169 530 am
192 494 409 536 Förderlichſten
434 494 490 534 ſein
514 493 616 535 dürfte.

124 546 307 582 Wenn
330 548 373 581 die
390 548 589 590 Regierungen
614 554 669 580 aus
694 548 818 589 eigenem
835 545 971 579 Antriebe
995 544 1044 583 ſich
1067 543 1138 584 nicht

118 602 147 644 ſo
150 600 248 644 leicht
271 611 328 634 von
352 601 400 634 der
424 601 634 643 hergebrachten
658 599 888 639 militariſtiſhen
914 597 1021 644 Selbſt
1032 597 1135 638 hilfe-
1159 599 1170 635 |

115 656 178 696 und
204 654 563 696 Fauſtre<htspoliti
558 651 575 696 k
598 657 717 687 trennen
741 653 858 690 können,
896 652 922 692 ſo
947 651 1058 684 werden
1094 651 1136 683 die

117 707 222 752 Völker
246 707 323 748 ſelbſt
347 708 451 748 endli<h
475 712 527 740 den
551 707 615 747 Ruf
638 706 705 747 nah
729 705 898 747 Errichtung
928 704 1005 737 eines
1029 701 1136 743 Welt-

115 757 397 805 Staatenbundes
434 760 550 800 erheben
585 759 703 799 müſſen,
742 779 780 781 —
815 758 882 799 nah
917 758 1008 790 einem
1044 756 1135 790 Welt-

115 814 356 859 Staatenbunde,
374 814 523 854 innerhalb
548 813 637 854 deſſen
654 813 697 846 die
714 810 980 855 eigenmächtige
997 810 1134 850 Selb
1119 810 1134 859 -

118 862 212 912 hilfe
236 867 287 910 auf
311 869 373 901 dem
397 867 486 910 Wege
511 867 560 901 des
597 867 744 908 Krieges
779 865 976 906 unbedingt
1011 871 1135 906 ausge-

142 920 290 968 <loſſen
328 921 387 956 und
412 921 493 961 durch
519 922 579 954 eine
618 918 889 962 obligatoriſche
926 917 1136 957 ordentliche

153 973 604 1019 riedensgerihtsbarkeit
651 971 738 1014 erſegt
776 972 882 1006 würde.
930 971 1002 1011 Erſt
1041 981 1137 1004 wenn

155 1023 237 1070 eſer
263 1027 427 1062 Gedanke
463 1028 535 1067 ſeine
559 1026 807 1065 Verwirklichu
819 1035 860 1068 ng
884 1024 1024 1067 gefunden
1048 1024 1139 1064 haben

151 1081 207 1124 ird,
232 1081 344 1116 werden
368 1082 422 1115 wir
446 1088 502 1114 aus
527 1082 574 1114 der
598 1081 710 1121 Praxis
735 1080 782 1114 der
806 1078 1044 1120 Nothbehelfe
1080 1078 1138 1111 und

157 1140 173 1170 rx
208 1134 348 1172 kleinen
383 1135 508 1168 Mittel
544 1144 593 1175 zur
617 1134 802 1175 Beſeitigung
833 1133 880 1166 der
904 1132 1057 1171 Wirrniſſe
1081 1131 1138 1164 und

114 1182 278 1232 Nothlage,
302 1191 386 1221 unter
410 1188 498 1221 denen
522 1188 564 1220 die
582 1186 762 1227 Geſellſchaft
787 1186 877 1224 leidet,
895 1185 1139 1225 herauskommen,

115 1256 148 1284 —
178 1235 237 1281 erſt
261 1241 339 1274 dann
354 1240 425 1274 wird
451 1241 494 1273 die
510 1240 695 1281 geſammte
712 1238 926 1278 Menſchheit
946 1237 1142 1277 erleichtert

114 1291 303 1337 ‘aufathmen,
328 1303 377 1327 um
401 1294 453 1327 mit
477 1293 654 1325 vereinter
679 1291 898 1333 ungeahnter
922 1290 1022 1331 Kraft
1058 1292 1141 1323 unter

84 1338 190 1415 dem
208 1347 335 1382 Banner
359 1348 409 1379 des
433 1344 853 1379 Welt-Staatenbundes
877 1343 974 1385 fortan
997 1343 1140 1386 ungeſtört

115 1398 208 1438 ‘ihren
245 1400 366 1442 höchſten
400 1399 500 1440 Zielen
534 1395 716 1439 zuzuſtreben.
764 1397 856 1430 Dann
896 1397 946 1436 erſt
985 1397 1056 1430 wird
1094 1396 1142 1430 der

174 1453 366 1495 eltfricden
401 1452 553 1491 dauernd
590 1451 743 1493 begründet
766 1450 824 1490 ſein
860 1450 918 1483 und
942 1460 991 1491 zur
1025 1450 1141 1490 wahren

156 1505 449 1551 Zelt-Wohlfahrt
472 1504 583 1545 führen.

155 1559 265 1596 An
304 1557 587 1600 realpolitiſhen
627 1555 1046 1599 Anknüpfungspunkten
1091 1561 1140 1597 zur

114 1593 365 1666 Verwirklichung
389 1614 439 1647 des
456 1609 790 1645 Welt-Staatenbundes
814 1609 883 1651 fehlt
907 1616 937 1642 es
962 1609 1039 1651 ſchon
1063 1610 1142 1650 heute

118 1663 307 1709 feineswegs.
341 1666 411 1699 Die
435 1665 640 1706 verſchiedenen
662 1662 832 1702 Bündniſſe,
857 1663 943 1696 denen
967 1664 1019 1696 wir
1043 1673 1141 1706 gegen-

127 1715 231 1764 wärtig
254 1721 284 1752 in
309 1720 425 1760 Europa
451 1720 600 1761 begegnen,
624 1718 676 1751 wie
700 1717 747 1750 der
772 1716 1141 1758 deutſch-italieniſ<-

128 1768 387 1816 öſterreihiſhe
403 1771 608 1811 Dreibund,
626 1772 679 1805 das
696 1769 838 1811 Bündniß
863 1769 989 1812 zwiſchen
1007 1771 1141 1813 Frank-
