1323 1959
190 97 290 144 große
312 96 438 131 Mittel
461 105 494 138 zu
519 94 658 134 erbli>ken,
692 94 746 129 das
771 93 874 135 endlich
898 102 948 135 zur
972 94 1031 134 Löſun
1093 99 1113 136 g

170 152 322 192 ſocialen
345 150 468 192 Frage
502 149 605 191 führen
630 148 743 189 wird.*)
790 148 875 188 Dieſe
900 147 1012 189 Löſung
1045 148 1115 188 muß

76 205 160 252 ‘aber
193 205 242 240 der
264 203 377 246 Löſung
413 204 461 237 der
492 202 597 246 großen
633 201 837 243 politiſhen
876 200 1019 243 Fragen
1055 200 1115 234 der

149 250 303 304 genwart
326 256 482 299 unbedingt
505 254 715 297 vorausgehen.

120 307 246 350 Mit
278 309 416 344 kleinen
441 308 652 349 Mittelchen
683 307 782 350 behilft
807 318 876 342 man
910 307 959 347 ſih
984 307 1051 348 au<
1085 308 1115 340 in

75 363 206 430 Betreff
229 363 277 398 der
302 363 434 406 legteren,
457 362 591 402 während
616 361 682 402 auh
707 362 765 401 hier
788 361 870 395 Alles
897 370 928 402 zu
953 362 1029 395 einer
1052 371 1114 394 um-

146 414 229 460 enden
247 414 457 460 Neugeſtaltung
472 416 585 458 drängt,
595 415 637 449 die
648 416 696 448 der
707 415 859 448 modernen
865 415 1046 454 Civiliſation
1058 414 1116 448 und

191 471 376 515 allgemeinen
411 468 706 510 Friedensbedürfniß
743 468 790 502 der
826 467 930 501 Völker
966 468 1116 508 Europa's

151 520 249 591 pricht.
296 524 366 557 Das
393 522 511 564 Syſtem
544 522 594 555 des
621 522 843 555 Militarismus
874 521 933 554 und
962 521 1010 554 der
1041 522 1114 554 ein-

204 588 244 612 en
278 575 493 616 Selbſthilfe
530 575 572 608 bei
607 575 851 608 internationalen
887 573 1116 616 Streitigkeiten,

155 631 209 678 mit
230 632 321 665 einem
337 629 439 664 Worte
463 630 507 662 die
523 628 755 669 Fauſtrecht
723 628 757 678 s-
774 629 839 661 oder
855 628 1117 669 Kriegspraxis

145 684 178 726 ß
200 684 325 719 Seitens
361 683 408 716 der
444 681 606 720 civiliſirten
642 681 771 715 Staaten
807 680 910 718 endlih
946 680 1116 722 aufgegeben

184 790 242 827 Die
301 789 505 831 verſchiedenen
565 787 905 830 Friedensgeſellſhaften
971 786 1118 829 verfolgen

176 835 316 884 löblichen
340 842 441 885 Zwe>,
476 842 564 883 dieſes
588 841 822 882 Mißverhältniß
855 840 975 880 dadur<
1006 850 1038 881 zu
1072 840 1115 873 bes

234 895 293 938 daß
317 897 352 937 ſie
377 897 425 938 für
450 898 492 930 die
516 895 700 937 Schlichtung
725 895 961 928 internationaler
979 893 1117 933 Conſflicte

208 951 331 995 jeweilig
355 950 549 992 einzuſegende
573 949 865 991 Schiedsgerichte
901 949 1037 981 eintreten
1061 947 1118 980 und

190 1000 330 1062 fentliche
353 1004 501 1045 Meinung
534 1002 619 1044 dafür
655 1013 687 1043 zu
719 1002 876 1035 erwärmen
910 1001 1013 1041 ſuchen.
1061 1000 1118 1034 Die

214 1068 258 1097 ger
276 1057 333 1090 des
349 1057 571 1090 Militarismus
596 1055 707 1094 machen
732 1056 793 1088 dem
818 1055 973 1097 gegenüber
998 1053 1117 1096 geltend,

188 1108 262 1150 feine
295 1110 472 1151 Großmacht
504 1110 547 1143 die
576 1109 780 1150 Entſcheidung
813 1108 882 1141 über
915 1108 973 1147 ihre
1006 1108 1119 1148 eigenen

191 1164 274 1206 eſſen,
298 1164 392 1203 ſoweit
432 1170 463 1196 es
498 1162 547 1202 ſi<h
587 1162 657 1200 niht
693 1172 742 1195 um
781 1160 989 1194 unbedeutende
1024 1159 1120 1201 Dinge

195 1215 226 1256 lt,
251 1222 308 1251 aus
331 1209 384 1250 den
407 1216 528 1255 Händen
558 1216 644 1256 geben
668 1215 734 1247 oder
763 1215 815 1246 den
838 1214 994 1254 jeweiligen
1018 1222 1051 1253 zu
1076 1222 1118 1245 er-

195 1271 268 1312 nden
285 1268 528 1309 Schiedsrichtern
556 1267 711 1306 überlaſſen
739 1267 834 1300 könne.
883 1266 935 1304 Jn
951 1265 1009 1298 der
1025 1264 1121 1303 That

145 1317 152 1323 rd
188 1322 277 1363 auh
311 1321 393 1362 dur<
429 1321 474 1353 ein
509 1320 636 1358 bloßes
673 1317 1121 1360 Schiedsgericht
963 1317 975 1363 s
989 1317 1121 1360 ſyſtem,

161 1374 368 1465 e
392 1375 454 1408 dem
468 1368 648 1437 Belieben
674 1374 721 1406 der
744 1372 885 1445 nis
902 1366 1016 1434 Mächte
1041 1370 1120 1429 über:

176 1537 433 1632 ie
491 1558 776 1620 ilecitalEce
816 1579 1125 1627 Gerichtsbarfkeit

190 1641 306 1683 reihen.
353 1640 422 1674 Das
453 1639 730 1680 Rechtsprincip
765 1637 833 1678 muß
866 1637 970 1677 endlih
1003 1636 1069 1676 auch
1095 1638 1126 1670 in

193 1713 206 1747 )
215 1711 288 1752 Vgl.
308 1710 368 1745 auh
388 1709 467 1739 meine
488 1709 587 1744 Schrift
613 1709 703 1744 „Der
724 1707 957 1741 Auarhismus
978 1709 1040 1736 nnd
1058 1707 1124 1736 das

78 1736 122 1803 9
160 1757 202 1796 <t
221 1756 273 1786 der
293 1755 473 1789 Shwachen
504 1754 579 1783 oder:
609 1753 660 1783 Die
680 1753 732 1783 drei
752 1752 907 1783 Grundübel
928 1751 1027 1785 unſerer
1046 1752 1124 1788 Zeit“
