1323 1959
672 28 17 27 7

1317 0 6 18 i

169 114 48 33 der
250 113 147 41 Politik
433 113 71 39 seine
543 112 194 42 zwingende
776 111 130 43 Geltung
942 114 143 41 erlangen.
1134 114 58 34 Die

169 166 167 43 Gründung
353 168 76 32 einer
446 165 323 41 völkerrechtlichen
786 165 235 34 Welt-Union
1038 166 50 41 auf
1106 168 85 39 dieser

169 220 171 42 Grundlage
366 239 39 4 —
432 219 53 33 daö
510 218 30 39 ist
566 218 42 33 die
633 218 84 43 große
741 218 90 40 Thal,
866 218 42 33 die
934 218 176 42 erforderlich
1144 221 47 44 ist,

166 284 50 23 um
241 274 49 33 der
313 272 146 34 Barbarei
484 272 49 32 des
557 272 119 41 Krieges
700 274 83 30 unter
808 271 51 33 den
885 271 163 40 civilisirten
1065 273 124 34 Völkern

165 327 49 40 für
233 328 101 32 immer
359 327 44 32 ein
420 325 79 34 Ende
523 334 33 31 zu
573 325 112 41 machen
710 324 57 33 und
789 325 53 32 mit
867 324 61 33 dem
945 325 244 42 Weltfrieden

165 381 48 32 der
237 380 97 34 Welt
346 379 195 41 Wohlfahrt
566 378 42 33 die
633 378 88 42 Wege
746 388 32 31 zu
804 377 97 34 ebnen.
951 378 110 39 Indem
1087 379 47 34 der
1158 381 30 32 in

165 434 209 40 Antwerpen
412 442 64 23 vom
501 436 52 27 29.
579 431 109 42 August
725 431 45 33 bis
810 436 26 27 1.
863 432 173 40 September
1072 434 117 42 vorigen

165 488 113 40 Jahres
312 487 181 42 abgehaltcne
519 485 332 42 Fricdcnscongrcß
887 484 49 42 sich
962 486 101 34 immer
1086 487 102 34 wieder

166 541 50 39 für
244 541 54 32 das
322 540 99 40 bloße
445 537 427 43 Schicdsgcrichtssystem
897 539 162 41 aussprach,
1085 541 48 40 hat
1158 552 29 23 er

164 595 48 31 der
220 594 93 39 Sache
324 593 50 33 des
386 592 139 42 Friedens
532 591 171 42 thatsächlich
711 592 26 39 so
745 592 91 41 wenig
846 592 142 40 Vorschub
995 593 128 41 geleistet,
1134 596 52 32 wie

164 647 71 39 seine
245 647 180 41 Vorgänger.
474 645 132 40 Ebenso
620 645 226 42 ungenügend
858 645 31 40 ist
899 645 53 33 das
965 646 220 42 „Mittelchen",

163 701 53 32 das
241 701 30 31 in
297 700 110 39 Gestalt
444 700 77 32 eines
555 698 546 44 Waffenstillstandsvcctrages
1135 702 51 42 auf

163 754 111 41 längere
298 753 65 41 Zeit
387 753 80 40 auf's
492 752 94 41 Tapet
610 752 126 43 gebracht
759 752 107 33 wurde.

250 807 115 33 Nimmt
411 816 69 23 man
520 816 48 29 an,
616 806 53 40 daß
710 805 106 42 infolge
862 806 48 33 der
950 807 234 42 allgemeinen

161 860 235 41 Wehrpflicht
421 860 42 32 die
487 859 129 34 Völker
641 859 76 40 selbst
741 859 225 41 friedliebender,
991 860 73 34 denn
1088 863 24 40 je
1137 873 31 33 ge­

161 915 111 33 worden
298 914 59 39 sind
382 914 56 33 und
464 913 54 40 daß
554 913 66 41 auch
645 913 41 33 die
723 913 381 43 Staatsoberhäupter
1141 917 43 34 die

160 968 303 41 Verantwortung
500 967 48 41 für
572 968 80 32 einen
677 968 85 42 Krieg
796 969 54 31 mit
874 968 93 40 seinen
1003 968 180 43 furchtbaren

160 1021 107 42 Folgen
291 1021 83 42 nicht
398 1022 95 40 mehr
518 1021 112 39 leichten
646 1021 127 42 Herzens
798 1032 31 31 zu
854 1021 190 42 übernehmen
1068 1025 110 42 geneigt

159 1074 69 39 sind,
245 1076 52 32 wie
321 1076 53 32 wir
393 1081 55 27 aus
472 1075 74 42 jeder
563 1074 166 41 Thronrede
756 1075 57 33 und
831 1074 350 45 Präsidenten-Botschaft

159 1129 120 40 ersehen,
305 1147 40 4 —
371 1129 104 32 nimmt
500 1138 68 23 man
593 1129 94 40 ferner
712 1138 49 29 an,
786 1128 54 41 daß
865 1138 21 32 z.
905 1128 40 33 B.
972 1129 208 42 Frankreich

158 1185 63 38 trotz
245 1182 87 39 seiner
356 1183 171 41 glänzenden
552 1182 363 41 Armee-Reorganisation
940 1186 40 29 25
998 1182 94 41 Jahre
1117 1193 48 23 ver­

157 1235 126 41 streichen
308 1235 64 40 ließ,
409 1236 69 39 ohne
503 1236 87 39 seiner
614 1234 200 41 Rcvanchelust
851 1235 87 41 Folge
962 1245 33 31 zu
1018 1236 96 42 geben,
1151 1237 27 39 so

158 1288 64 41 darf
246 1299 67 22 man
350 1288 101 44 füglich
477 1289 167 40 behaupten,
682 1288 54 40 daß
761 1295 30 25 cs
827 1298 55 23 nur
907 1289 47 33 der
979 1289 199 39 Initiative

158 1343 75 32 einer
259 1342 208 41 Großmacht
504 1342 136 41 bedürfte,
676 1351 50 23 um
763 1351 32 32 zu
831 1343 76 32 einer
930 1342 144 41 Reform
1109 1343 66 33 und

157 1397 249 40 Eodification
432 1398 58 32 des
514 1396 244 40 Völkerrechts
782 1406 32 31 zu
838 1397 147 41 gelangen,
1003 1397 51 32 wie
1080 1396 36 41 ich
1141 1396 35 40 sic

155 1442 76 48 schon
267 1452 39 31 im
331 1451 94 40 Jahre
452 1455 82 27 1872
572 1452 28 30 in
626 1450 106 32 meiner
756 1449 113 41 Schrift
907 1449 198 43 „Grundzüge
1128 1460 49 32 zur

154 1503 121 41 Reform
312 1504 57 32 und
406 1503 189 39 Eodification
631 1503 50 32 des
713 1502 212 41 Völkerrechts"
964 1503 210 43 vorgcschlagcn

154 1556 110 43 habe.*)
312 1557 56 33 Die
393 1556 149 42 bezügliche
559 1556 157 38 Initiative
740 1556 95 33 würde
858 1565 48 23 um
931 1556 26 39 so
982 1555 111 42 sicherer
1118 1567 55 23 von

225 1644 27 35 *)
273 1645 64 29 Eine
367 1644 168 34 vollständige
556 1644 173 35 Ucbersetzung
760 1644 41 27 der
820 1643 53 34 hier
896 1643 98 30 citirten
1015 1645 98 35 Schrift
1134 1654 24 20 er

154 1688 74 35 schien
250 1689 25 29 in
297 1691 45 28 den
376 1690 178 32 „Etats-Ilnii
575 1690 147 33 d’Europe“
754 1688 92 35 (Genf)
867 1688 33 29 im
933 1691 135 31 „Bulletin
1096 1693 32 26 de
1150 1693 25 25 la

156 1735 106 27 Sociöte
282 1737 45 26 des
347 1737 64 26 aniis
432 1736 31 26 de
483 1736 25 26 la
527 1735 60 33 paix
608 1733 109 35 (Paris)
744 1734 52 27 und
817 1733 33 30 im
885 1736 118 30 „Harald
1024 1737 29 26 ul
1070 1737 101 27 Peaeo“

155 1779 146 36 (London).
