<?xml version="1.0" encoding="UTF-8" standalone="yes"?>
<alto xmlns="http://www.loc.gov/standards/alto/ns-v2#" xmlns:xlink="http://www.w3.org/1999/xlink" xmlns:xsi="http://www.w3.org/2001/XMLSchema-instance" xsi:schemaLocation="http://www.loc.gov/standards/alto/ns-v2# http://www.loc.gov/standards/alto/alto-v2.0.xsd">
<Description>
<MeasurementUnit>pixel</MeasurementUnit>
<OCRProcessing ID="IdOcr"><ocrProcessingStep><processingDateTime>2017-03-22</processingDateTime><processingSoftware><softwareCreator>ABBYY</softwareCreator><softwareName>ABBYY FineReader Engine</softwareName><softwareVersion>11</softwareVersion></processingSoftware></ocrProcessingStep></OCRProcessing>
</Description>
<Styles><TextStyle ID="font0" FONTFAMILY="Arial" FONTSIZE="8"/><TextStyle ID="font1" FONTFAMILY="Arial" FONTSIZE="9"/><TextStyle ID="font2" FONTFAMILY="Arial" FONTSIZE="11"/>
</Styles>
<Layout>
<Page ID="Page1" PHYSICAL_IMG_NR="1" HEIGHT="1959" WIDTH="1267">
<TopMargin HEIGHT="109" WIDTH="1267" VPOS="0" HPOS="0">
<TextBlock ID="Page1_Block1" HEIGHT="40" WIDTH="30" VPOS="27" HPOS="612" language="de">
<TextLine HEIGHT="28" WIDTH="17" VPOS="33" HPOS="618"><String STYLEREFS="font1" WC="1." CONTENT="8" HEIGHT="28" WIDTH="17" VPOS="33" HPOS="618"/></TextLine>
</TextBlock>
</TopMargin>
<LeftMargin HEIGHT="1713" WIDTH="111" VPOS="109" HPOS="0">
</LeftMargin>
<RightMargin HEIGHT="1713" WIDTH="118" VPOS="109" HPOS="1149">
</RightMargin>
<BottomMargin HEIGHT="137" WIDTH="1267" VPOS="1822" HPOS="0">
</BottomMargin>
<PrintSpace HEIGHT="1713" WIDTH="1038" VPOS="109" HPOS="111">
<TextBlock ID="Page1_Block2" HEIGHT="1713" WIDTH="1038" VPOS="109" HPOS="111" language="de"><Shape><Polygon POINTS="118,113 1150,113 1150,1822 118,1822 118,113"/></Shape>
<TextLine HEIGHT="47" WIDTH="1016" VPOS="115" HPOS="117"><String STYLEREFS="font0" WC="0.6166666746" CONTENT="Erfolg" HEIGHT="42" WIDTH="101" VPOS="119" HPOS="118"/><SP WIDTH="22" VPOS="119" HPOS="220"/><String STYLEREFS="font0" WC="0.4455555677" CONTENT="begleitet" HEIGHT="42" WIDTH="126" VPOS="119" HPOS="243"/><SP WIDTH="22" VPOS="120" HPOS="370"/><String STYLEREFS="font0" WC="0.8000000119" CONTENT="sein," HEIGHT="38" WIDTH="67" VPOS="120" HPOS="393"/><SP WIDTH="31" VPOS="128" HPOS="461"/><String STYLEREFS="font0" WC="0.7733333111" CONTENT="als" HEIGHT="32" WIDTH="46" VPOS="119" HPOS="493"/><SP WIDTH="23" VPOS="119" HPOS="540"/><String STYLEREFS="font0" WC="0.7133333087" CONTENT="die" HEIGHT="31" WIDTH="42" VPOS="119" HPOS="564"/><SP WIDTH="23" VPOS="128" HPOS="607"/><String STYLEREFS="font0" WC="0.6200000048" CONTENT="ganze" HEIGHT="33" WIDTH="84" VPOS="127" HPOS="631"/><SP WIDTH="23" VPOS="128" HPOS="716"/><String STYLEREFS="font0" WC="0.7200000286" CONTENT="politische" HEIGHT="41" WIDTH="136" VPOS="117" HPOS="740"/><SP WIDTH="23" VPOS="116" HPOS="876"/><String STYLEREFS="font0" WC="0.7087500095" CONTENT="Weltlage" HEIGHT="42" WIDTH="145" VPOS="116" HPOS="899"/><SP WIDTH="24" VPOS="117" HPOS="1045"/><String STYLEREFS="font0" WC="0.8824999928" CONTENT="dar-" HEIGHT="32" WIDTH="63" VPOS="117" HPOS="1070"/></TextLine>
<TextLine HEIGHT="45" WIDTH="1018" VPOS="169" HPOS="118"><String STYLEREFS="font0" WC="0.7919999957" CONTENT="thut," HEIGHT="39" WIDTH="71" VPOS="173" HPOS="118"/><SP WIDTH="24" VPOS="174" HPOS="190"/><String STYLEREFS="font0" WC="0.6200000048" CONTENT="daß" HEIGHT="40" WIDTH="54" VPOS="172" HPOS="215"/><SP WIDTH="23" VPOS="172" HPOS="270"/><String STYLEREFS="font0" WC="1." CONTENT="der" HEIGHT="32" WIDTH="47" VPOS="173" HPOS="294"/><SP WIDTH="23" VPOS="173" HPOS="342"/><String STYLEREFS="font0" WC="0.7227272987" CONTENT="Schwerpunkt" HEIGHT="42" WIDTH="242" VPOS="171" HPOS="366"/><SP WIDTH="35" VPOS="172" HPOS="609"/><String STYLEREFS="font0" WC="0.9866666794" CONTENT="der" HEIGHT="31" WIDTH="47" VPOS="172" HPOS="645"/><SP WIDTH="33" VPOS="181" HPOS="693"/><String STYLEREFS="font0" WC="0.6236363649" CONTENT="auswärtigen" HEIGHT="41" WIDTH="246" VPOS="171" HPOS="727"/><SP WIDTH="23" VPOS="170" HPOS="974"/><String STYLEREFS="font0" WC="0.8042857051" CONTENT="Politik" HEIGHT="40" WIDTH="138" VPOS="169" HPOS="998"/></TextLine>
<TextLine HEIGHT="46" WIDTH="1017" VPOS="222" HPOS="119"><String STYLEREFS="font0" WC="0.7400000095" CONTENT="für" HEIGHT="40" WIDTH="48" VPOS="227" HPOS="119"/><SP WIDTH="23" VPOS="228" HPOS="168"/><String STYLEREFS="font0" WC="0.7733333111" CONTENT="die" HEIGHT="32" WIDTH="41" VPOS="227" HPOS="192"/><SP WIDTH="35" VPOS="236" HPOS="234"/><String STYLEREFS="font0" WC="0.8575000167" CONTENT="europäischen" HEIGHT="42" WIDTH="240" VPOS="225" HPOS="270"/><SP WIDTH="24" VPOS="224" HPOS="511"/><String STYLEREFS="font0" WC="0.6930000186" CONTENT="Großmächte" HEIGHT="41" WIDTH="188" VPOS="224" HPOS="536"/><SP WIDTH="35" VPOS="226" HPOS="725"/><String STYLEREFS="font0" WC="0.75" CONTENT="jetzt" HEIGHT="41" WIDTH="56" VPOS="225" HPOS="761"/><SP WIDTH="23" VPOS="223" HPOS="818"/><String STYLEREFS="font0" WC="0.6999999881" CONTENT="fast" HEIGHT="41" WIDTH="51" VPOS="223" HPOS="842"/><SP WIDTH="36" VPOS="227" HPOS="894"/><String STYLEREFS="font0" WC="0.7950000167" CONTENT="ausschließlich" HEIGHT="42" WIDTH="205" VPOS="222" HPOS="931"/></TextLine>
<TextLine HEIGHT="47" WIDTH="1017" VPOS="275" HPOS="119"><String STYLEREFS="font0" WC="0.3799999952" CONTENT="in" HEIGHT="32" WIDTH="30" VPOS="281" HPOS="119"/><SP WIDTH="37" VPOS="281" HPOS="150"/><String STYLEREFS="font0" WC="0.8733333349" CONTENT="den" HEIGHT="33" WIDTH="52" VPOS="280" HPOS="188"/><SP WIDTH="38" VPOS="280" HPOS="241"/><String STYLEREFS="font0" WC="0.4414285719" CONTENT="Coionialfragen" HEIGHT="42" WIDTH="304" VPOS="279" HPOS="280"/><SP WIDTH="40" VPOS="288" HPOS="585"/><String STYLEREFS="font0" WC="0.8199999928" CONTENT="oder" HEIGHT="32" WIDTH="64" VPOS="278" HPOS="626"/><SP WIDTH="37" VPOS="288" HPOS="691"/><String STYLEREFS="font0" WC="0.7960000038" CONTENT="wenigstens" HEIGHT="43" WIDTH="167" VPOS="277" HPOS="729"/><SP WIDTH="39" VPOS="277" HPOS="897"/><String STYLEREFS="font0" WC="0.3950000107" CONTENT="in" HEIGHT="32" WIDTH="29" VPOS="277" HPOS="937"/><SP WIDTH="38" VPOS="287" HPOS="967"/><String STYLEREFS="font0" WC="0.6159999967" CONTENT="außer" HEIGHT="42" WIDTH="112" VPOS="275" HPOS="1006" SUBS_TYPE="HypPart1" SUBS_CONTENT="außereuropäischen"/><HYP CONTENT="­"/></TextLine>
<TextLine HEIGHT="48" WIDTH="1017" VPOS="329" HPOS="120"><String STYLEREFS="font0" WC="0.7124999762" CONTENT="europäischen" HEIGHT="42" WIDTH="247" VPOS="333" HPOS="120" SUBS_TYPE="HypPart2" SUBS_CONTENT="außereuropäischen"/><SP WIDTH="24" VPOS="333" HPOS="368"/><String STYLEREFS="font0" WC="0.5950000286" CONTENT="Fragen" HEIGHT="44" WIDTH="113" VPOS="332" HPOS="393"/><SP WIDTH="24" VPOS="333" HPOS="507"/><String STYLEREFS="font0" WC="0.7220000029" CONTENT="liegt" HEIGHT="41" WIDTH="66" VPOS="333" HPOS="532"/><SP WIDTH="23" VPOS="335" HPOS="599"/><String STYLEREFS="font0" WC="0.6833333373" CONTENT="und" HEIGHT="32" WIDTH="57" VPOS="332" HPOS="623"/><SP WIDTH="24" VPOS="332" HPOS="681"/><String STYLEREFS="font0" WC="0.75" CONTENT="daß" HEIGHT="39" WIDTH="54" VPOS="332" HPOS="706"/><SP WIDTH="24" VPOS="331" HPOS="761"/><String STYLEREFS="font0" WC="0.6549999714" CONTENT="in" HEIGHT="32" WIDTH="29" VPOS="331" HPOS="786"/><SP WIDTH="23" VPOS="341" HPOS="816"/><String STYLEREFS="font0" WC="0.6866666675" CONTENT="all" HEIGHT="33" WIDTH="38" VPOS="330" HPOS="840"/><SP WIDTH="28" VPOS="330" HPOS="879"/><String STYLEREFS="font0" WC="0.7666666508" CONTENT="diesen" HEIGHT="39" WIDTH="90" VPOS="331" HPOS="908"/><SP WIDTH="23" VPOS="330" HPOS="999"/><String STYLEREFS="font0" WC="0.5450000167" CONTENT="Fragen" HEIGHT="43" WIDTH="114" VPOS="329" HPOS="1023"/></TextLine>
<TextLine HEIGHT="47" WIDTH="1018" VPOS="383" HPOS="120"><String STYLEREFS="font0" WC="0.6933333278" CONTENT="ein" HEIGHT="32" WIDTH="45" VPOS="389" HPOS="120"/><SP WIDTH="33" VPOS="388" HPOS="165"/><String STYLEREFS="font0" WC="0.6892307401" CONTENT="Zusammengehen" HEIGHT="44" WIDTH="326" VPOS="386" HPOS="198"/><SP WIDTH="40" VPOS="396" HPOS="524"/><String STYLEREFS="font0" WC="0.6700000167" CONTENT="aller" HEIGHT="31" WIDTH="94" VPOS="387" HPOS="564"/><SP WIDTH="39" VPOS="396" HPOS="658"/><String STYLEREFS="font0" WC="0.7266666889" CONTENT="eivilisirten" HEIGHT="41" WIDTH="220" VPOS="385" HPOS="697"/><SP WIDTH="34" VPOS="384" HPOS="917"/><String STYLEREFS="font0" WC="0.8037499785" CONTENT="Nationen" HEIGHT="34" WIDTH="187" VPOS="383" HPOS="951"/></TextLine>
<TextLine HEIGHT="47" WIDTH="1015" VPOS="436" HPOS="121"><String STYLEREFS="font0" WC="0.6700000167" CONTENT="den" HEIGHT="33" WIDTH="51" VPOS="442" HPOS="121"/><SP WIDTH="15" VPOS="441" HPOS="173"/><String STYLEREFS="font0" WC="0.8130000234" CONTENT="Interessen" HEIGHT="40" WIDTH="161" VPOS="440" HPOS="189"/><SP WIDTH="23" VPOS="442" HPOS="351"/><String STYLEREFS="font0" WC="0.7400000095" CONTENT="der" HEIGHT="31" WIDTH="47" VPOS="442" HPOS="375"/><SP WIDTH="14" VPOS="441" HPOS="423"/><String STYLEREFS="font0" WC="0.6433333158" CONTENT="Einzelnen" HEIGHT="42" WIDTH="153" VPOS="440" HPOS="438"/><SP WIDTH="23" VPOS="440" HPOS="592"/><String STYLEREFS="font0" WC="0.8889999986" CONTENT="derselben," HEIGHT="40" WIDTH="151" VPOS="439" HPOS="616"/><SP WIDTH="16" VPOS="448" HPOS="768"/><String STYLEREFS="font0" WC="0.6066666842" CONTENT="wie" HEIGHT="32" WIDTH="51" VPOS="439" HPOS="785"/><SP WIDTH="23" VPOS="438" HPOS="837"/><String STYLEREFS="font0" WC="0.8199999928" CONTENT="der" HEIGHT="33" WIDTH="47" VPOS="438" HPOS="861"/><SP WIDTH="17" VPOS="437" HPOS="909"/><String STYLEREFS="font0" WC="0.8172727227" CONTENT="Gesammtheit" HEIGHT="42" WIDTH="209" VPOS="436" HPOS="927"/></TextLine>
<TextLine HEIGHT="44" WIDTH="495" VPOS="493" HPOS="121"><String STYLEREFS="font0" WC="0.7250000238" CONTENT="am" HEIGHT="24" WIDTH="47" VPOS="505" HPOS="121"/><SP WIDTH="22" VPOS="495" HPOS="169"/><String STYLEREFS="font0" WC="0.833571434" CONTENT="Förderlichsten" HEIGHT="43" WIDTH="217" VPOS="494" HPOS="192"/><SP WIDTH="23" VPOS="495" HPOS="410"/><String STYLEREFS="font0" WC="0.9024999738" CONTENT="sein" HEIGHT="41" WIDTH="56" VPOS="494" HPOS="434"/><SP WIDTH="23" VPOS="494" HPOS="491"/><String STYLEREFS="font0" WC="0.71875" CONTENT="diirfte." HEIGHT="41" WIDTH="101" VPOS="493" HPOS="515"/></TextLine>
<TextLine HEIGHT="47" WIDTH="928" VPOS="543" HPOS="209"><String STYLEREFS="font0" WC="0.5" CONTENT="Wenn" HEIGHT="34" WIDTH="97" VPOS="547" HPOS="209"/><SP WIDTH="22" VPOS="548" HPOS="307"/><String STYLEREFS="font0" WC="0.7833333611" CONTENT="die" HEIGHT="33" WIDTH="43" VPOS="548" HPOS="330"/><SP WIDTH="15" VPOS="548" HPOS="374"/><String STYLEREFS="font0" WC="0.6499999762" CONTENT="Regierungen" HEIGHT="43" WIDTH="199" VPOS="547" HPOS="390"/><SP WIDTH="23" VPOS="558" HPOS="590"/><String STYLEREFS="font0" WC="0.5833333135" CONTENT="aus" HEIGHT="26" WIDTH="55" VPOS="554" HPOS="614"/><SP WIDTH="23" VPOS="554" HPOS="670"/><String STYLEREFS="font0" WC="0.7900000215" CONTENT="eigenem" HEIGHT="42" WIDTH="124" VPOS="547" HPOS="694"/><SP WIDTH="15" VPOS="545" HPOS="819"/><String STYLEREFS="font0" WC="0.8987500072" CONTENT="Antriebe" HEIGHT="34" WIDTH="135" VPOS="545" HPOS="835"/><SP WIDTH="23" VPOS="544" HPOS="971"/><String STYLEREFS="font0" WC="0.7749999762" CONTENT="sich" HEIGHT="39" WIDTH="48" VPOS="544" HPOS="995"/><SP WIDTH="22" VPOS="543" HPOS="1044"/><String STYLEREFS="font0" WC="0.8640000224" CONTENT="nicht" HEIGHT="40" WIDTH="70" VPOS="543" HPOS="1067"/></TextLine>
<TextLine HEIGHT="49" WIDTH="1015" VPOS="596" HPOS="120"><String STYLEREFS="font0" WC="0.5099999905" CONTENT="so" HEIGHT="39" WIDTH="26" VPOS="603" HPOS="120"/><SP WIDTH="25" VPOS="604" HPOS="147"/><String STYLEREFS="font0" WC="0.7583333254" CONTENT="leicht" HEIGHT="41" WIDTH="75" VPOS="602" HPOS="173"/><SP WIDTH="22" VPOS="605" HPOS="249"/><String STYLEREFS="font0" WC="0.4300000072" CONTENT="von" HEIGHT="23" WIDTH="56" VPOS="611" HPOS="272"/><SP WIDTH="22" VPOS="602" HPOS="329"/><String STYLEREFS="font0" WC="0.6700000167" CONTENT="der" HEIGHT="32" WIDTH="48" VPOS="602" HPOS="352"/><SP WIDTH="22" VPOS="602" HPOS="401"/><String STYLEREFS="font0" WC="0.774615407" CONTENT="hergebrachten" HEIGHT="43" WIDTH="209" VPOS="601" HPOS="424"/><SP WIDTH="22" VPOS="611" HPOS="634"/><String STYLEREFS="font0" WC="0.7756249905" CONTENT="militaristischen" HEIGHT="41" WIDTH="231" VPOS="599" HPOS="657"/><SP WIDTH="15" VPOS="599" HPOS="889"/><String STYLEREFS="font0" WC="0.8999999762" CONTENT="Selbst" HEIGHT="39" WIDTH="116" VPOS="598" HPOS="905"/><SP WIDTH="9" VPOS="599" HPOS="1022"/><String STYLEREFS="font0" WC="0.7519999743" CONTENT="Hilfe" HEIGHT="42" WIDTH="85" VPOS="596" HPOS="1032"/><SP WIDTH="6" VPOS="607" HPOS="1118"/><String STYLEREFS="font0" WC="0.5199999809" CONTENT="-" HEIGHT="12" WIDTH="10" VPOS="611" HPOS="1125"/></TextLine>
<TextLine HEIGHT="47" WIDTH="1017" VPOS="650" HPOS="120"><String STYLEREFS="font0" WC="0.7566666603" CONTENT="und" HEIGHT="31" WIDTH="57" VPOS="657" HPOS="120"/><SP WIDTH="35" VPOS="654" HPOS="178"/><String STYLEREFS="font0" WC="0.8399999738" CONTENT="Faustrechtspolitik" HEIGHT="43" WIDTH="351" VPOS="653" HPOS="213"/><SP WIDTH="32" VPOS="654" HPOS="564"/><String STYLEREFS="font0" WC="0.8785714507" CONTENT="trennen" HEIGHT="30" WIDTH="119" VPOS="657" HPOS="597"/><SP WIDTH="23" VPOS="653" HPOS="717"/><String STYLEREFS="font0" WC="0.7185714245" CONTENT="können," HEIGHT="39" WIDTH="117" VPOS="652" HPOS="741"/><SP WIDTH="36" VPOS="652" HPOS="859"/><String STYLEREFS="font0" WC="0.7450000048" CONTENT="so" HEIGHT="39" WIDTH="26" VPOS="652" HPOS="896"/><SP WIDTH="23" VPOS="661" HPOS="923"/><String STYLEREFS="font0" WC="0.7933333516" CONTENT="werden" HEIGHT="33" WIDTH="111" VPOS="651" HPOS="947"/><SP WIDTH="34" VPOS="651" HPOS="1059"/><String STYLEREFS="font0" WC="0.853333354" CONTENT="die" HEIGHT="31" WIDTH="42" VPOS="651" HPOS="1094"/></TextLine>
<TextLine HEIGHT="48" WIDTH="1016" VPOS="701" HPOS="120"><String STYLEREFS="font0" WC="0.6733333468" CONTENT="Völker" HEIGHT="34" WIDTH="102" VPOS="707" HPOS="120"/><SP WIDTH="23" VPOS="708" HPOS="223"/><String STYLEREFS="font0" WC="0.8866666555" CONTENT="selbst" HEIGHT="40" WIDTH="76" VPOS="707" HPOS="247"/><SP WIDTH="23" VPOS="711" HPOS="324"/><String STYLEREFS="font0" WC="0.9242857099" CONTENT="endlich" HEIGHT="39" WIDTH="103" VPOS="708" HPOS="348"/><SP WIDTH="23" VPOS="708" HPOS="452"/><String STYLEREFS="font0" WC="0.7633333206" CONTENT="den" HEIGHT="30" WIDTH="51" VPOS="711" HPOS="476"/><SP WIDTH="23" VPOS="707" HPOS="528"/><String STYLEREFS="font0" WC="0.6700000167" CONTENT="Ruf" HEIGHT="40" WIDTH="63" VPOS="707" HPOS="552"/><SP WIDTH="22" VPOS="707" HPOS="616"/><String STYLEREFS="font0" WC="0.7524999976" CONTENT="nach" HEIGHT="39" WIDTH="66" VPOS="707" HPOS="639"/><SP WIDTH="23" VPOS="707" HPOS="706"/><String STYLEREFS="font0" WC="0.8700000048" CONTENT="Errichtung" HEIGHT="42" WIDTH="168" VPOS="705" HPOS="730"/><SP WIDTH="28" VPOS="714" HPOS="899"/><String STYLEREFS="font0" WC="0.824000001" CONTENT="eines" HEIGHT="32" WIDTH="77" VPOS="705" HPOS="928"/><SP WIDTH="22" VPOS="703" HPOS="1006"/><String STYLE="bold" STYLEREFS="font2" WC="0.7360000014" CONTENT="Welt-" HEIGHT="42" WIDTH="107" VPOS="701" HPOS="1029"/></TextLine>
<TextLine HEIGHT="47" WIDTH="1014" VPOS="755" HPOS="121"><String STYLE="bold" STYLEREFS="font2" WC="0.5207692385" CONTENT="Klaatenöundes" HEIGHT="43" WIDTH="276" VPOS="759" HPOS="121"/><SP WIDTH="35" VPOS="769" HPOS="398"/><String STYLEREFS="font0" WC="0.8971428275" CONTENT="erheben" HEIGHT="40" WIDTH="116" VPOS="760" HPOS="434"/><SP WIDTH="34" VPOS="770" HPOS="551"/><String STYLEREFS="font0" WC="0.7514285445" CONTENT="müssen," HEIGHT="40" WIDTH="117" VPOS="759" HPOS="586"/><SP WIDTH="36" VPOS="778" HPOS="704"/><String STYLEREFS="font0" WC="1." CONTENT="—" HEIGHT="5" WIDTH="40" VPOS="777" HPOS="741"/><SP WIDTH="33" VPOS="768" HPOS="782"/><String STYLEREFS="font0" WC="0.8174999952" CONTENT="nach" HEIGHT="40" WIDTH="66" VPOS="758" HPOS="816"/><SP WIDTH="33" VPOS="758" HPOS="883"/><String STYLEREFS="font0" WC="0.7659999728" CONTENT="einem" HEIGHT="32" WIDTH="91" VPOS="758" HPOS="917"/><SP WIDTH="34" VPOS="756" HPOS="1009"/><String STYLEREFS="font0" WC="0.8059999943" CONTENT="Welt-" HEIGHT="36" WIDTH="91" VPOS="755" HPOS="1044"/></TextLine>
<TextLine HEIGHT="48" WIDTH="1012" VPOS="809" HPOS="123"><String STYLEREFS="font0" WC="0.8269230723" CONTENT="Staatenbunde," HEIGHT="40" WIDTH="233" VPOS="814" HPOS="123"/><SP WIDTH="15" VPOS="815" HPOS="357"/><String STYLEREFS="font0" WC="0.7488889098" CONTENT="innerhalb" HEIGHT="42" WIDTH="150" VPOS="813" HPOS="373"/><SP WIDTH="23" VPOS="813" HPOS="524"/><String STYLEREFS="font0" WC="0.7099999785" CONTENT="dessen" HEIGHT="40" WIDTH="89" VPOS="813" HPOS="548"/><SP WIDTH="15" VPOS="813" HPOS="638"/><String STYLEREFS="font0" WC="1." CONTENT="die" HEIGHT="33" WIDTH="43" VPOS="813" HPOS="654"/><SP WIDTH="15" VPOS="823" HPOS="698"/><String STYLEREFS="font0" WC="0.8276923299" CONTENT="eigenmächtige" HEIGHT="44" WIDTH="266" VPOS="811" HPOS="714"/><SP WIDTH="15" VPOS="811" HPOS="981"/><String STYLEREFS="font0" WC="0.8883333206" CONTENT="Selbst" HEIGHT="42" WIDTH="121" VPOS="809" HPOS="997" SUBS_TYPE="HypPart1" SUBS_CONTENT="Selbsthilfe"/><HYP CONTENT="­"/></TextLine>
<TextLine HEIGHT="47" WIDTH="1011" VPOS="864" HPOS="124"><String STYLEREFS="font0" WC="0.8399999738" CONTENT="hilfe" HEIGHT="41" WIDTH="87" VPOS="868" HPOS="124" SUBS_TYPE="HypPart2" SUBS_CONTENT="Selbsthilfe"/><SP WIDTH="23" VPOS="878" HPOS="212"/><String STYLEREFS="font0" WC="0.8100000024" CONTENT="auf" HEIGHT="41" WIDTH="50" VPOS="868" HPOS="236"/><SP WIDTH="24" VPOS="868" HPOS="287"/><String STYLEREFS="font0" WC="0.7933333516" CONTENT="dem" HEIGHT="32" WIDTH="61" VPOS="869" HPOS="312"/><SP WIDTH="22" VPOS="867" HPOS="374"/><String STYLEREFS="font0" WC="0.8224999905" CONTENT="Wege" HEIGHT="43" WIDTH="89" VPOS="867" HPOS="397"/><SP WIDTH="23" VPOS="867" HPOS="487"/><String STYLEREFS="font0" WC="0.9300000072" CONTENT="des" HEIGHT="33" WIDTH="49" VPOS="867" HPOS="511"/><SP WIDTH="36" VPOS="867" HPOS="561"/><String STYLEREFS="font0" WC="0.821428597" CONTENT="Krieges" HEIGHT="41" WIDTH="145" VPOS="867" HPOS="598"/><SP WIDTH="34" VPOS="872" HPOS="744"/><String STYLEREFS="font0" WC="0.7444444299" CONTENT="unbedingt" HEIGHT="41" WIDTH="196" VPOS="865" HPOS="779"/><SP WIDTH="34" VPOS="867" HPOS="976"/><String STYLEREFS="font0" WC="0.7120000124" CONTENT="ausge" HEIGHT="36" WIDTH="107" VPOS="870" HPOS="1011" SUBS_TYPE="HypPart1" SUBS_CONTENT="ausgeschlossen"/><HYP CONTENT="­"/></TextLine>
<TextLine HEIGHT="47" WIDTH="1012" VPOS="917" HPOS="123"><String STYLEREFS="font0" WC="0.6888889074" CONTENT="schlossen" HEIGHT="41" WIDTH="165" VPOS="921" HPOS="123" SUBS_TYPE="HypPart2" SUBS_CONTENT="ausgeschlossen"/><SP WIDTH="38" VPOS="931" HPOS="289"/><String STYLEREFS="font0" WC="0.6299999952" CONTENT="und" HEIGHT="32" WIDTH="58" VPOS="922" HPOS="328"/><SP WIDTH="24" VPOS="921" HPOS="387"/><String STYLEREFS="font0" WC="0.9620000124" CONTENT="durch" HEIGHT="41" WIDTH="81" VPOS="920" HPOS="412"/><SP WIDTH="24" VPOS="920" HPOS="494"/><String STYLEREFS="font0" WC="0.8500000238" CONTENT="eine" HEIGHT="32" WIDTH="59" VPOS="921" HPOS="519"/><SP WIDTH="38" VPOS="930" HPOS="579"/><String STYLEREFS="font0" WC="0.7178571224" CONTENT="obligatorische" HEIGHT="44" WIDTH="271" VPOS="918" HPOS="618"/><SP WIDTH="34" VPOS="928" HPOS="890"/><String STYLEREFS="font0" WC="0.6681818366" CONTENT="ordentliche" HEIGHT="41" WIDTH="210" VPOS="917" HPOS="925"/></TextLine>
<TextLine HEIGHT="48" WIDTH="1013" VPOS="970" HPOS="124"><String STYLEREFS="font0" WC="0.8326086998" CONTENT="Friedensgerichtsbarkeit" HEIGHT="46" WIDTH="480" VPOS="972" HPOS="124"/><SP WIDTH="46" VPOS="976" HPOS="604"/><String STYLEREFS="font0" WC="0.8657143116" CONTENT="ersetzt" HEIGHT="40" WIDTH="88" VPOS="974" HPOS="650"/><SP WIDTH="38" VPOS="976" HPOS="738"/><String STYLEREFS="font0" WC="0.8316666484" CONTENT="würde." HEIGHT="34" WIDTH="106" VPOS="972" HPOS="776"/><SP WIDTH="48" VPOS="972" HPOS="882"/><String STYLEREFS="font0" WC="0.9049999714" CONTENT="Erst" HEIGHT="40" WIDTH="72" VPOS="971" HPOS="930"/><SP WIDTH="39" VPOS="976" HPOS="1002"/><String STYLEREFS="font0" WC="0.6974999905" CONTENT="wenn" HEIGHT="23" WIDTH="95" VPOS="981" HPOS="1042"/></TextLine>
<TextLine HEIGHT="47" WIDTH="1013" VPOS="1023" HPOS="125"><String STYLEREFS="font0" WC="0.853333354" CONTENT="dieser" HEIGHT="41" WIDTH="112" VPOS="1028" HPOS="125"/><SP WIDTH="24" VPOS="1027" HPOS="238"/><String STYLEREFS="font0" WC="0.8342857361" CONTENT="Gedanke" HEIGHT="34" WIDTH="164" VPOS="1027" HPOS="263"/><SP WIDTH="35" VPOS="1028" HPOS="428"/><String STYLEREFS="font0" WC="0.8740000129" CONTENT="seine" HEIGHT="40" WIDTH="71" VPOS="1027" HPOS="464"/><SP WIDTH="22" VPOS="1027" HPOS="536"/><String STYLEREFS="font0" WC="0.7778571248" CONTENT="Verwirklichung" HEIGHT="43" WIDTH="301" VPOS="1025" HPOS="559"/><SP WIDTH="22" VPOS="1035" HPOS="861"/><String STYLEREFS="font0" WC="0.8237500191" CONTENT="gefunden" HEIGHT="43" WIDTH="140" VPOS="1024" HPOS="884"/><SP WIDTH="23" VPOS="1025" HPOS="1025"/><String STYLEREFS="font0" WC="0.8360000253" CONTENT="haben" HEIGHT="41" WIDTH="89" VPOS="1024" HPOS="1049"/></TextLine>
<TextLine HEIGHT="46" WIDTH="1013" VPOS="1077" HPOS="125"><String STYLEREFS="font0" WC="0.5600000024" CONTENT="wird," HEIGHT="40" WIDTH="82" VPOS="1081" HPOS="125"/><SP WIDTH="23" VPOS="1092" HPOS="208"/><String STYLEREFS="font0" WC="0.8383333087" CONTENT="werden" HEIGHT="33" WIDTH="112" VPOS="1082" HPOS="232"/><SP WIDTH="22" VPOS="1092" HPOS="345"/><String STYLEREFS="font0" WC="0.6266666651" CONTENT="wir" HEIGHT="31" WIDTH="53" VPOS="1083" HPOS="368"/><SP WIDTH="23" VPOS="1092" HPOS="422"/><String STYLEREFS="font0" WC="0.9399999976" CONTENT="aus" HEIGHT="27" WIDTH="56" VPOS="1087" HPOS="446"/><SP WIDTH="23" VPOS="1081" HPOS="503"/><String STYLEREFS="font0" WC="1." CONTENT="der" HEIGHT="33" WIDTH="47" VPOS="1081" HPOS="527"/><SP WIDTH="22" VPOS="1081" HPOS="575"/><String STYLEREFS="font0" WC="0.8050000072" CONTENT="Praxis" HEIGHT="40" WIDTH="112" VPOS="1081" HPOS="598"/><SP WIDTH="23" VPOS="1081" HPOS="711"/><String STYLEREFS="font0" WC="1." CONTENT="der" HEIGHT="34" WIDTH="47" VPOS="1080" HPOS="735"/><SP WIDTH="22" VPOS="1079" HPOS="783"/><String STYLEREFS="font0" WC="0.7627272606" CONTENT="Nothbehelfe" HEIGHT="42" WIDTH="238" VPOS="1078" HPOS="806"/><SP WIDTH="35" VPOS="1088" HPOS="1045"/><String STYLEREFS="font0" WC="0.4666666687" CONTENT="und" HEIGHT="32" WIDTH="57" VPOS="1078" HPOS="1081"/></TextLine>
<TextLine HEIGHT="47" WIDTH="1013" VPOS="1131" HPOS="125"><String STYLEREFS="font0" WC="0.8433333039" CONTENT="der" HEIGHT="33" WIDTH="47" VPOS="1136" HPOS="125"/><SP WIDTH="35" VPOS="1134" HPOS="173"/><String STYLEREFS="font0" WC="0.7742857337" CONTENT="kleinen" HEIGHT="34" WIDTH="138" VPOS="1134" HPOS="209"/><SP WIDTH="34" VPOS="1135" HPOS="348"/><String STYLEREFS="font0" WC="0.9666666389" CONTENT="Mittel" HEIGHT="34" WIDTH="125" VPOS="1134" HPOS="383"/><SP WIDTH="34" VPOS="1135" HPOS="509"/><String STYLEREFS="font0" WC="0.7133333087" CONTENT="zur" HEIGHT="31" WIDTH="49" VPOS="1144" HPOS="544"/><SP WIDTH="22" VPOS="1134" HPOS="594"/><String STYLEREFS="font0" WC="0.6627272964" CONTENT="Beseitigung" HEIGHT="43" WIDTH="184" VPOS="1133" HPOS="617"/><SP WIDTH="30" VPOS="1133" HPOS="802"/><String STYLEREFS="font0" WC="1." CONTENT="der" HEIGHT="33" WIDTH="47" VPOS="1133" HPOS="833"/><SP WIDTH="22" VPOS="1132" HPOS="881"/><String STYLEREFS="font0" WC="0.6688888669" CONTENT="Wirrnisse" HEIGHT="39" WIDTH="153" VPOS="1132" HPOS="904"/><SP WIDTH="22" VPOS="1141" HPOS="1058"/><String STYLEREFS="font0" WC="0.4399999976" CONTENT="und" HEIGHT="33" WIDTH="57" VPOS="1131" HPOS="1081"/></TextLine>
<TextLine HEIGHT="46" WIDTH="1015" VPOS="1184" HPOS="124"><String STYLEREFS="font0" WC="0.6833333373" CONTENT="Nothlage," HEIGHT="42" WIDTH="153" VPOS="1188" HPOS="124"/><SP WIDTH="23" VPOS="1198" HPOS="278"/><String STYLEREFS="font0" WC="0.8999999762" CONTENT="unter" HEIGHT="29" WIDTH="83" VPOS="1191" HPOS="302"/><SP WIDTH="23" VPOS="1188" HPOS="386"/><String STYLEREFS="font0" WC="0.8360000253" CONTENT="denen" HEIGHT="33" WIDTH="87" VPOS="1187" HPOS="410"/><SP WIDTH="23" VPOS="1188" HPOS="498"/><String STYLEREFS="font0" WC="0.8600000143" CONTENT="die" HEIGHT="32" WIDTH="42" VPOS="1188" HPOS="522"/><SP WIDTH="16" VPOS="1187" HPOS="565"/><String STYLEREFS="font0" WC="0.8700000048" CONTENT="Gesellschaft" HEIGHT="41" WIDTH="179" VPOS="1186" HPOS="582"/><SP WIDTH="24" VPOS="1186" HPOS="762"/><String STYLEREFS="font0" WC="0.6800000072" CONTENT="leidet," HEIGHT="37" WIDTH="90" VPOS="1186" HPOS="787"/><SP WIDTH="16" VPOS="1186" HPOS="878"/><String STYLEREFS="font0" WC="0.716923058" CONTENT="herauskommen," HEIGHT="40" WIDTH="244" VPOS="1185" HPOS="895"/></TextLine>
<TextLine HEIGHT="46" WIDTH="1015" VPOS="1236" HPOS="127"><String STYLEREFS="font0" WC="1." CONTENT="—" HEIGHT="4" WIDTH="38" VPOS="1260" HPOS="127"/><SP WIDTH="19" VPOS="1252" HPOS="166"/><String STYLEREFS="font0" WC="0.7649999857" CONTENT="erst" HEIGHT="40" WIDTH="51" VPOS="1241" HPOS="185"/><SP WIDTH="25" VPOS="1241" HPOS="236"/><String STYLEREFS="font0" WC="0.5450000167" CONTENT="dann" HEIGHT="31" WIDTH="78" VPOS="1242" HPOS="261"/><SP WIDTH="15" VPOS="1250" HPOS="339"/><String STYLEREFS="font0" WC="0.6850000024" CONTENT="wird" HEIGHT="32" WIDTH="72" VPOS="1241" HPOS="354"/><SP WIDTH="25" VPOS="1241" HPOS="426"/><String STYLEREFS="font0" WC="1." CONTENT="die" HEIGHT="32" WIDTH="43" VPOS="1241" HPOS="451"/><SP WIDTH="16" VPOS="1249" HPOS="494"/><String STYLEREFS="font0" WC="0.7862499952" CONTENT="gesummte" HEIGHT="40" WIDTH="186" VPOS="1240" HPOS="510"/><SP WIDTH="16" VPOS="1239" HPOS="696"/><String STYLEREFS="font0" WC="0.9449999928" CONTENT="Menschheit" HEIGHT="41" WIDTH="215" VPOS="1238" HPOS="712"/><SP WIDTH="18" VPOS="1241" HPOS="927"/><String STYLEREFS="font0" WC="0.9245454669" CONTENT="erleichtert" HEIGHT="41" WIDTH="197" VPOS="1236" HPOS="945"/></TextLine>
<TextLine HEIGHT="47" WIDTH="1015" VPOS="1289" HPOS="126"><String STYLEREFS="font0" WC="0.7659999728" CONTENT="aufathmen," HEIGHT="43" WIDTH="178" VPOS="1293" HPOS="126"/><SP WIDTH="23" VPOS="1303" HPOS="305"/><String STYLEREFS="font0" WC="0.8700000048" CONTENT="um" HEIGHT="23" WIDTH="47" VPOS="1303" HPOS="329"/><SP WIDTH="23" VPOS="1303" HPOS="377"/><String STYLEREFS="font0" WC="0.6666666865" CONTENT="mit" HEIGHT="32" WIDTH="52" VPOS="1294" HPOS="401"/><SP WIDTH="22" VPOS="1296" HPOS="454"/><String STYLEREFS="font0" WC="0.8011111021" CONTENT="vereinter" HEIGHT="32" WIDTH="178" VPOS="1293" HPOS="477"/><SP WIDTH="22" VPOS="1302" HPOS="656"/><String STYLEREFS="font0" WC="0.7300000191" CONTENT="ungeahnter" HEIGHT="43" WIDTH="219" VPOS="1290" HPOS="679"/><SP WIDTH="22" VPOS="1292" HPOS="899"/><String STYLEREFS="font0" WC="0.6019999981" CONTENT="Kraft" HEIGHT="41" WIDTH="100" VPOS="1291" HPOS="922"/><SP WIDTH="34" VPOS="1294" HPOS="1023"/><String STYLEREFS="font0" WC="0.8600000143" CONTENT="unter" HEIGHT="33" WIDTH="83" VPOS="1291" HPOS="1058"/></TextLine>
<TextLine HEIGHT="47" WIDTH="1012" VPOS="1342" HPOS="127"><String STYLEREFS="font0" WC="0.9566666484" CONTENT="dem" HEIGHT="33" WIDTH="61" VPOS="1348" HPOS="127"/><SP WIDTH="23" VPOS="1347" HPOS="189"/><String STYLEREFS="font0" WC="0.7599999905" CONTENT="Banner" HEIGHT="33" WIDTH="122" VPOS="1347" HPOS="213"/><SP WIDTH="23" VPOS="1348" HPOS="336"/><String STYLEREFS="font0" WC="0.9966666698" CONTENT="des" HEIGHT="31" WIDTH="48" VPOS="1348" HPOS="360"/><SP WIDTH="23" VPOS="1346" HPOS="409"/><String STYLEREFS="font0" WC="0.799444437" CONTENT="Welt-StaatenbundeS" HEIGHT="36" WIDTH="420" VPOS="1343" HPOS="433"/><SP WIDTH="22" VPOS="1344" HPOS="854"/><String STYLEREFS="font0" WC="0.6783333421" CONTENT="fortan" HEIGHT="40" WIDTH="97" VPOS="1344" HPOS="877"/><SP WIDTH="22" VPOS="1354" HPOS="975"/><String STYLEREFS="font0" WC="0.7200000286" CONTENT="ungestört" HEIGHT="43" WIDTH="141" VPOS="1343" HPOS="998"/></TextLine>
<TextLine HEIGHT="46" WIDTH="1014" VPOS="1396" HPOS="127"><String STYLEREFS="font0" WC="0.7760000229" CONTENT="ihren" HEIGHT="42" WIDTH="79" VPOS="1400" HPOS="127"/><SP WIDTH="38" VPOS="1401" HPOS="207"/><String STYLEREFS="font0" WC="0.7475000024" CONTENT="höchsten" HEIGHT="41" WIDTH="119" VPOS="1400" HPOS="246"/><SP WIDTH="34" VPOS="1399" HPOS="366"/><String STYLEREFS="font0" WC="0.7883333564" CONTENT="Zielen" HEIGHT="42" WIDTH="99" VPOS="1398" HPOS="401"/><SP WIDTH="32" VPOS="1408" HPOS="501"/><String STYLEREFS="font0" WC="0.9133333564" CONTENT="zuzustreben." HEIGHT="42" WIDTH="182" VPOS="1398" HPOS="534"/><SP WIDTH="46" VPOS="1398" HPOS="717"/><String STYLEREFS="font0" WC="0.6050000191" CONTENT="Dann" HEIGHT="34" WIDTH="92" VPOS="1397" HPOS="764"/><SP WIDTH="38" VPOS="1407" HPOS="857"/><String STYLEREFS="font0" WC="0.9350000024" CONTENT="erst" HEIGHT="39" WIDTH="50" VPOS="1397" HPOS="896"/><SP WIDTH="38" VPOS="1397" HPOS="947"/><String STYLEREFS="font0" WC="0.5749999881" CONTENT="wird" HEIGHT="33" WIDTH="70" VPOS="1397" HPOS="986"/><SP WIDTH="36" VPOS="1396" HPOS="1057"/><String STYLEREFS="font0" WC="0.9233333468" CONTENT="der" HEIGHT="33" WIDTH="47" VPOS="1396" HPOS="1094"/></TextLine>
<TextLine HEIGHT="46" WIDTH="1013" VPOS="1449" HPOS="127"><String STYLEREFS="font0" WC="0.8272727132" CONTENT="Weltfrieden" HEIGHT="42" WIDTH="238" VPOS="1453" HPOS="127"/><SP WIDTH="34" VPOS="1453" HPOS="366"/><String STYLEREFS="font0" WC="0.5985714197" CONTENT="dauernd" HEIGHT="33" WIDTH="152" VPOS="1452" HPOS="401"/><SP WIDTH="35" VPOS="1452" HPOS="554"/><String STYLEREFS="font0" WC="0.8399999738" CONTENT="begründet" HEIGHT="42" WIDTH="153" VPOS="1451" HPOS="590"/><SP WIDTH="22" VPOS="1451" HPOS="744"/><String STYLEREFS="font0" WC="0.8100000024" CONTENT="fein" HEIGHT="40" WIDTH="56" VPOS="1450" HPOS="767"/><SP WIDTH="35" VPOS="1460" HPOS="824"/><String STYLEREFS="font0" WC="0.646666646" CONTENT="und" HEIGHT="32" WIDTH="57" VPOS="1450" HPOS="860"/><SP WIDTH="23" VPOS="1450" HPOS="918"/><String STYLEREFS="font0" WC="0.6399999857" CONTENT="zur" HEIGHT="30" WIDTH="48" VPOS="1460" HPOS="942"/><SP WIDTH="33" VPOS="1461" HPOS="991"/><String STYLEREFS="font0" WC="0.7149999738" CONTENT="wahren" HEIGHT="40" WIDTH="115" VPOS="1450" HPOS="1025"/></TextLine>
<TextLine HEIGHT="44" WIDTH="455" VPOS="1504" HPOS="128"><String STYLEREFS="font0" WC="0.7250000238" CONTENT="Welt-Wohlfahrt" HEIGHT="42" WIDTH="320" VPOS="1506" HPOS="128"/><SP WIDTH="22" VPOS="1505" HPOS="449"/><String STYLEREFS="font0" WC="0.9314285517" CONTENT="führen." HEIGHT="42" WIDTH="111" VPOS="1504" HPOS="472"/></TextLine>
<TextLine HEIGHT="46" WIDTH="923" VPOS="1554" HPOS="217"><String STYLEREFS="font0" WC="0.6750000119" CONTENT="An" HEIGHT="33" WIDTH="48" VPOS="1559" HPOS="217"/><SP WIDTH="38" VPOS="1569" HPOS="266"/><String STYLEREFS="font0" WC="0.6953333616" CONTENT="realpolitischen" HEIGHT="43" WIDTH="282" VPOS="1557" HPOS="305"/><SP WIDTH="39" VPOS="1557" HPOS="588"/><String STYLEREFS="font0" WC="0.7183333039" CONTENT="Anknüpfungspunkten" HEIGHT="44" WIDTH="418" VPOS="1555" HPOS="628"/><SP WIDTH="44" VPOS="1565" HPOS="1047"/><String STYLEREFS="font0" WC="0.5066666603" CONTENT="zur" HEIGHT="32" WIDTH="48" VPOS="1565" HPOS="1092"/></TextLine>
<TextLine HEIGHT="47" WIDTH="1014" VPOS="1608" HPOS="128"><String STYLEREFS="font0" WC="0.5913333297" CONTENT="Verivirklichung" HEIGHT="42" WIDTH="237" VPOS="1613" HPOS="128"/><SP WIDTH="23" VPOS="1614" HPOS="366"/><String STYLEREFS="font0" WC="1." CONTENT="des" HEIGHT="32" WIDTH="49" VPOS="1614" HPOS="390"/><SP WIDTH="15" VPOS="1611" HPOS="440"/><String STYLEREFS="font0" WC="0.7666666508" CONTENT="Welt-Staatenbundeö" HEIGHT="37" WIDTH="334" VPOS="1609" HPOS="456"/><SP WIDTH="23" VPOS="1609" HPOS="791"/><String STYLEREFS="font0" WC="0.8840000033" CONTENT="fehlt" HEIGHT="41" WIDTH="68" VPOS="1609" HPOS="815"/><SP WIDTH="22" VPOS="1612" HPOS="884"/><String STYLEREFS="font0" WC="1." CONTENT="es" HEIGHT="26" WIDTH="30" VPOS="1616" HPOS="907"/><SP WIDTH="24" VPOS="1610" HPOS="938"/><String STYLEREFS="font0" WC="0.726000011" CONTENT="schon" HEIGHT="42" WIDTH="76" VPOS="1609" HPOS="963"/><SP WIDTH="23" VPOS="1611" HPOS="1040"/><String STYLEREFS="font0" WC="0.8960000277" CONTENT="heute" HEIGHT="40" WIDTH="78" VPOS="1610" HPOS="1064"/></TextLine>
<TextLine HEIGHT="48" WIDTH="1012" VPOS="1661" HPOS="128"><String STYLEREFS="font0" WC="0.7963636518" CONTENT="keineswegs." HEIGHT="42" WIDTH="179" VPOS="1667" HPOS="128"/><SP WIDTH="46" VPOS="1666" HPOS="308"/><String STYLEREFS="font0" WC="0.5233333111" CONTENT="Die" HEIGHT="33" WIDTH="56" VPOS="1666" HPOS="355"/><SP WIDTH="22" VPOS="1676" HPOS="412"/><String STYLEREFS="font0" WC="0.7984615564" CONTENT="verschiedenen" HEIGHT="41" WIDTH="204" VPOS="1665" HPOS="435"/><SP WIDTH="21" VPOS="1663" HPOS="640"/><String STYLEREFS="font0" WC="0.6719999909" CONTENT="Bündnisse," HEIGHT="41" WIDTH="170" VPOS="1662" HPOS="662"/><SP WIDTH="23" VPOS="1663" HPOS="833"/><String STYLEREFS="font0" WC="0.7340000272" CONTENT="denen" HEIGHT="33" WIDTH="86" VPOS="1663" HPOS="857"/><SP WIDTH="22" VPOS="1672" HPOS="944"/><String STYLEREFS="font0" WC="0.6100000143" CONTENT="wir" HEIGHT="32" WIDTH="52" VPOS="1664" HPOS="967"/><SP WIDTH="23" VPOS="1674" HPOS="1020"/><String STYLEREFS="font0" WC="0.6320000291" CONTENT="gegen" HEIGHT="33" WIDTH="84" VPOS="1673" HPOS="1044" SUBS_TYPE="HypPart1" SUBS_CONTENT="gegenwärtig"/><HYP CONTENT="­"/></TextLine>
<TextLine HEIGHT="47" WIDTH="1012" VPOS="1715" HPOS="128"><String STYLEREFS="font0" WC="0.5500000119" CONTENT="wärtig" HEIGHT="42" WIDTH="102" VPOS="1720" HPOS="128" SUBS_TYPE="HypPart2" SUBS_CONTENT="gegenwärtig"/><SP WIDTH="23" VPOS="1721" HPOS="231"/><String STYLEREFS="font0" WC="0.6200000048" CONTENT="in" HEIGHT="30" WIDTH="29" VPOS="1721" HPOS="255"/><SP WIDTH="23" VPOS="1720" HPOS="285"/><String STYLEREFS="font0" WC="0.676666677" CONTENT="Europa" HEIGHT="40" WIDTH="116" VPOS="1720" HPOS="309"/><SP WIDTH="24" VPOS="1720" HPOS="426"/><String STYLEREFS="font0" WC="0.6677777767" CONTENT="begegnen," HEIGHT="42" WIDTH="149" VPOS="1719" HPOS="451"/><SP WIDTH="22" VPOS="1727" HPOS="601"/><String STYLEREFS="font0" WC="0.5933333039" CONTENT="wie" HEIGHT="32" WIDTH="51" VPOS="1718" HPOS="624"/><SP WIDTH="23" VPOS="1717" HPOS="676"/><String STYLEREFS="font0" WC="0.8133333325" CONTENT="der" HEIGHT="33" WIDTH="47" VPOS="1717" HPOS="700"/><SP WIDTH="23" VPOS="1718" HPOS="748"/><String STYLEREFS="font0" WC="0.7647368312" CONTENT="deutsch-italienisch" HEIGHT="43" WIDTH="349" VPOS="1715" HPOS="772" SUBS_TYPE="HypPart1" SUBS_CONTENT="deutsch-italienischösterreichische"/><HYP CONTENT="­"/></TextLine>
<TextLine HEIGHT="48" WIDTH="1011" VPOS="1768" HPOS="130"><String STYLEREFS="font0" WC="0.7513333559" CONTENT="österreichische" HEIGHT="43" WIDTH="256" VPOS="1772" HPOS="130" SUBS_TYPE="HypPart2" SUBS_CONTENT="deutsch-italienischösterreichische"/><SP WIDTH="15" VPOS="1772" HPOS="387"/><String STYLEREFS="font0" WC="0.7544444203" CONTENT="Dreibund," HEIGHT="40" WIDTH="204" VPOS="1771" HPOS="403"/><SP WIDTH="17" VPOS="1772" HPOS="608"/><String STYLEREFS="font0" WC="0.5766666532" CONTENT="das" HEIGHT="32" WIDTH="53" VPOS="1772" HPOS="626"/><SP WIDTH="15" VPOS="1771" HPOS="680"/><String STYLEREFS="font0" WC="0.6142857075" CONTENT="Bündniß" HEIGHT="42" WIDTH="142" VPOS="1769" HPOS="696"/><SP WIDTH="23" VPOS="1769" HPOS="839"/><String STYLEREFS="font0" WC="0.6924999952" CONTENT="zwischen" HEIGHT="43" WIDTH="126" VPOS="1769" HPOS="863"/><SP WIDTH="16" VPOS="1772" HPOS="990"/><String STYLEREFS="font0" WC="0.676666677" CONTENT="Frank-" HEIGHT="42" WIDTH="134" VPOS="1771" HPOS="1007"/></TextLine>
</TextBlock>
</PrintSpace>
</Page>
</Layout>
</alto>