1294 1959
635 15 18 27 9

136 97 102 41 reich,
273 98 94 38 Rußl
383 98 64 33 and
473 98 57 33 und
555 98 230 41 Deutschland
822 98 30 32 in
877 97 113 40 Betreff
1015 98 47 32 der
1098 97 38 40 ost­

138 152 205 41 asiatischen
355 151 255 42 Angelegenheiten
624 152 57 32 und
694 152 53 32 das
758 161 60 33 eng
827 150 328 42 lisch-französisch-

137 205 161 41 russische
323 205 142 40 Bündniß
491 205 29 32 in
537 205 114 39 Betreff
675 206 47 32 der
747 204 226 42 armenischen
999 204 92 42 Frage
1116 222 41 3 —

140 259 38 34 all
203 259 70 39 diese
297 258 161 41 Bündnisse
482 258 107 36 können
614 260 47 32 als
686 257 194 42 Vorstufen
906 257 48 40 für
979 258 51 32 den
1047 256 108 34 Welt-

138 313 269 35 Staatcnbuud
432 313 153 43 angesehen
609 313 110 34 werden
743 312 57 33 und
826 318 31 26 cs
881 312 126 40 bedürfte
1032 321 56 23 nur
1112 310 48 33 der

140 368 157 39 Initiative
322 366 209 40 Rußlands,
558 366 226 42 Frankreichs
808 365 58 33 und
891 364 267 41 Deutschlands,

142 425 56 30 um'
228 421 70 39 diese
322 420 161 40 Bündnisse
519 424 83 30 unter
626 421 121 33 Beitritt
784 419 47 33 der
868 417 291 40 amerikanischen

141 475 140 38 Staaten,
318 475 83 38 sowie
436 473 145 41 Japans
615 475 57 32 und
710 474 138 39 Chinas
884 483 33 30 zu
952 472 61 32 dem
1049 470 109 35 Welt-

142 527 255 36 Staatcnbund
435 539 31 30 zu
503 529 155 33 erweitern.
706 528 72 33 Kein
814 527 93 32 Staat
944 527 73 37 hätte
1053 525 108 39 Anlaß,

145 584 49 39 sich
219 594 85 31 gegen
329 584 52 31 den
406 581 121 35 Beitritt
561 592 32 32 zu
617 582 140 37 sträuben,
794 580 72 34 denn
891 581 72 40 jeder
997 590 56 23 von
1078 580 84 39 ihnen

143 637 96 34 würde
275 637 93 37 seinen
402 636 120 39 höchsten
557 636 130 39 Vorthcil
722 636 80 31 dabei
838 633 104 39 finden.
992 635 42 31 Es
1067 634 96 33 würde

146 691 76 33 dann
247 691 94 31 keine
366 688 154 34 anderen
544 689 246 41 Machtfragen
815 688 79 39 mehr
918 687 95 42 geben,
1032 688 55 32 als
1112 687 51 34 die

145 743 328 41 wirthschaftlichcn
510 742 69 33 und
616 742 295 34 intellectuellen.
959 741 67 33 Von
1051 741 113 42 größter

146 797 175 44 Wichtigkeit
345 797 30 38 ist
410 803 31 26 cs
464 796 150 43 übrigens,
648 797 55 38 daß
736 797 55 32 das
813 795 271 41 Zustandekommen
1114 795 51 33 des

148 852 336 35 Welt-Staatenbundcs
524 850 138 42 möglichst
710 851 64 32 bald
815 848 202 43 bewerkstelligt
1064 848 99 34 werde.

148 908 88 33 Denn
259 917 82 23 wenn
366 905 52 39 erst
456 904 110 40 China
591 905 66 38 nach
682 905 61 32 dem
780 903 134 39 Muster
950 903 142 39 Japans
1116 902 49 40 sich

150 960 161 41 militärisch
347 958 152 43 organisirt
524 958 90 40 haben
649 958 71 33 wird
745 958 57 33 imb
840 957 70 40 diese
946 958 96 32 beiden
1066 955 99 42 Reiche

153 1016 53 33 mit
230 1015 81 40 ihren
336 1017 130 29 4—500
492 1012 160 33 Millionen
678 1011 192 41 Einwohnern
906 1021 81 32 ganz
1024 1011 142 40 Europa

150 1069 177 40 bedrohen
351 1068 118 37 können,
495 1066 76 33 dann
597 1066 31 38 ist
653 1067 62 39 eher
740 1068 44 31 ein
809 1065 205 42 Weltkrieg,
1051 1066 46 32 als
1122 1065 45 32 ein

151 1122 302 36 Welt-Staatcubund
477 1131 33 31 zu
534 1123 150 35 erwarten,
710 1139 41 4 —
776 1120 46 33 ein
845 1119 163 43 Weltkrieg,
1041 1120 53 32 wie
1117 1118 51 40 ihn

153 1178 43 33 die
213 1177 80 33 Welt
316 1176 65 39 noch
406 1175 71 39 nicht
501 1174 113 41 gesehen
639 1175 56 38 hat.
744 1173 117 34 Darum
877 1173 86 40 Hand
988 1173 67 32 an's
1072 1171 96 39 Werk,

153 1230 90 34 damit
267 1236 30 26 es
330 1229 115 40 unserer
470 1227 178 34 Generation
671 1227 138 42 vergönnt
843 1227 57 38 sein
923 1227 90 40 möge,
1045 1226 52 31 mit
1122 1224 47 31 der

154 1282 214 44 Gründung
393 1282 61 33 des
479 1279 424 36 Welt-Staatenbundcs
927 1279 53 33 das
1006 1278 74 38 erste
1098 1276 70 42 Fest

155 1337 60 34 des
252 1337 215 33 bleibenden
492 1334 178 42 Friedens
707 1335 25 33 d.
760 1335 25 41 h.
823 1335 51 32 den
900 1333 170 42 endgiltigen
1094 1331 76 42 Sieg

155 1391 48 33 der
228 1392 105 32 Cultur
366 1392 69 32 über
459 1391 42 33 die
526 1389 146 34 Barbarei
706 1391 30 31 in
760 1388 74 34 allen
859 1388 131 33 Ländern
1024 1387 47 33 der
1096 1387 74 34 Erde

156 1444 65 42 noch
245 1455 51 22 vor
320 1445 111 41 Schluß
456 1444 50 33 des
529 1443 110 41 jetzigen
662 1441 220 42 Jahrhunderts
906 1451 32 31 zu
961 1441 100 40 feiern.
