1323 1959
743 896 775 923 1
127 88 1167 142 drängen, daß daher trotz aller politiſchen Freiheit die
130 143 1161 195 Eriſtenz der Einzelnen immer mehr in Frage ge—
130 194 1166 249 ſtellt wird, — dieſe Thatſache hat bis jetzt bei den
133 248 1166 303 Regierenden und bei den beſitzenden Claſſen durchaus nicht
135 303 836 355 die ihr zukommende Beachtung gefunden.
222 355 1171 409 Das Geſammtheitsbewußtſein und das Bewußtſein
133 406 1169 463 der Jntereſſen-Solidarität der ganzen Menſchheit
133 461 1167 515 iſt es, das die letztere als Geſellſchaft kennzeichnet.
132 514 1169 569 Dieſe Jntereſſen-Solidarität erfordert, daß jedem Angehörigen
132 568 1166 621 der Geſellſchaft die Eriſtenz innerhalb dieſer ermöglicht
132 618 1166 675 bezw. geſichert wird. Wenn die Geſellſchaft den Arbeits—
133 670 1167 729 laſen ſeinem Schickſal überläßt, ſo drängt ſie ihn einfach
135 728 1166 783 auf die Pfade des Anarchismus, d. h. zur Kriegserklärung
140 780 1167 844 gegen eine menſchliche Geſellſchaft ohne Menſchlichkeitsgefühl.
225 844 1164 897 Statt dies einzuſehen und demgemäß zu handeln, über—
133 896 1171 951 laſſen die beſitzenden Klaſſen die Fürſorge für die Abwehr
137 950 1169 1005 der von ihnen ſelbſt auf den Kriegspfad gedrängten Arbeits—
138 1003 1174 1062 loſen lediglich der Polizei. Dieſe thut ſelbſtverſtändlich ihre
143 1056 1172 1111 Pflicht. Aber die Geſellſchaft hat damit ihre Pflicht nicht
138 1108 1172 1165 erfüllt. Sie beſchwört vielmehr durch dieſes herzloſe und
140 1162 1174 1217 thörichte Verhalten Gefahren herauf, denen ſchließlich die
140 1216 958 1270 Staatsgewalt nicht mehr gewachſen ſein dürfte.
228 1270 1172 1322 Einzelne Regierungen ſuchen wohl mit allerlei halben
140 1320 1172 1376 Maßregeln und kleinen Mittelchen Abhilfe zu ſchaffen.
142 1374 1171 1428 Dahin gehört die Alters- und Unfallverſicheruug, das Ge—
147 1428 1166 1487 ſetz der ſüßen Sonntagsruhe und dergleichen Einrichtungen
145 1482 1176 1534 die den Arbeitgeber belaſten, ohne dem Arbeiter viel zu
143 1532 1177 1586 helfen, während ſie für den Arbeitsloſen überhaupt nicht in
148 1591 458 1643 Betracht kommen.
231 1640 1176 1694 Nein durch ſolche kleine Mittelchen wird der Zuſammen—
145 1692 1176 1753 ſturz, der die moderne Geſellſchaft bedroht, ſicher nicht hintange—
150 1748 1177 1808 halten werden. Um aründliche Abhilfe zu ſchaffen, muß
640 9 663 55 4
