1323 1959
222 424 1159 479 Seitdem die Königin der Wiſſenſchaften, die Philoſophie,
129 479 1144 532 nicht mehr in Ehren ſteht und ſelbſt das ,,Volk der Denker'
132 535 1162 587 ſich von ihr abzuwenden ſcheint, ſeitdem macht ſich auf allen
129 584 1161 639 Gebieten des öffentlichen Lebens und bei Erörterung aller
130 641 1159 692 weltbewegenden Fragen eine Unklarheit und Verworrenheit
125 692 1156 749 bemerklich, welche nur allzuſehr dazu angethan iſt, die Lage,
127 747 1159 799 in der die moderne Geſellſchaft ſich befindet, zu erſchweren
127 799 1149 861 und eine befriedigende Löſung der obwaltenden Schwierig—
127 857 841 907 keiten noch mehr in die Ferne zu rücken.
217 912 1158 969 Auch heute gelten, wenn gleich unter ganz anderen
127 961 1158 1015 Verhältniſſen die Worte, die Thiers am 4. März 1840
127 1015 1012 1074 im geſetzgebenden Körper von Frankreich ausſprach:
343 1085 1158 1124 ,Il ne suffit pas de l'ordre matériel, il faut aussi
282 1123 1156 1168 de l'ordre morul, c'est-à-dire l' union dss esprits
284 1175 1156 1214 Vers un but eommnn; telle est aujourd'hui la mission
282 1214 1156 1257 imposeo au gouvernement. Lenro est veno de la
285 1260 1068 1302 comprendre; nous assistons à un renonvellomont.
213 1307 1156 1361 Auch heute haben wir uns vor Allem klar zu machen,
122 1361 1153 1415 daß wir einer wirthſchaftlichen und politiſchen Neugeſtaltung ent⸗
125 1417 1153 1470 gegengehen, zu deren wünſchenswerthem Verlaufe es nöthig wäre,
120 1467 1156 1519 daß alle wohlmeinenden und tiefer blickenden Geiſter ſich über
120 1518 1156 1575 ein beſtimmtes Ziel einigen, ebenſo wie über die Wege, um
120 1572 483 1625 daſſelbe zu erreichen.
204 1624 1153 1688 Die Thatſache, daß alle Fortſchritte der Technik
119 1679 1151 1735 nur die Maſchinenarbeit und das Wohl der Maſchinen—
119 1735 1149 1799 beſitzer fördern, die menſchliche Handarbeit dagegen ver—
