1323 1959
78 83 1115 140 das große Mittel zu erblicken, das endlich zur Löſung
75 133 1117 191 der ſocialen Frage führen wird.) Dieſe Löſung muß
78 187 1118 249 aber der Löſung der großen politiſchen Fragen der
80 243 721 297 Gegenwart unbedingt vorausgehen.
169 292 1120 349 Mit kleinen Mittelchen behilft man ſich auch in
76 346 1118 409 Betreff der letzteren, während auch hier Alles zu einer um—
78 452 1120 510 dem allgemeinen Friedensbedürfniß der Völker Europa's
81 507 1117 564 entſpricht. Das Syſtem des Militarismus und der ein—
88 559 1120 617 ſeitigen Selbſthilfe bei internationalen Streitigkeiten,
137 615 1122 669 mit einem Worte die Fauſtrechts- oder Kriegspraxis
84 666 1122 724 muß Seitens der eiviliſirten Staaten endlich aufgegeben
83 728 222 778 werden.
168 772 1120 829 Die verſchiedenen Friedensgeſellſchaften verfolgen
81 824 1120 884 den löblichen Zweck, dieſes Mißverhältniß dadurch zu be—
83 879 1122 940 ſeitigen, daß ſie für die Schlichtung internationaler Conflicte
84 933 1122 992 durch jeweilig einzuſetzende Schiedsgerichte eintreten und
81 986 1123 1044 die öffentliche Meinung dafür zu erwärmen ſuchen. Die
88 1043 1120 1097 Anhänger des Militarismus machen dem gegenüber geltend,
84 399 1120 463 faſſenden Neugeſtaltung drängt, die der modernen Civiliſation und
86 1093 1123 1149 daß keine Großmacht die Entſcheidung über ihre eigenen
88 1146 1122 1204 Jntereſſen, ſoweit es ſich nicht um unbedeutende Dinge
93 1199 1120 1257 handelt, aus den Händen geben oder den jeweiligen zu er—
93 1252 1125 1309 nennenden Schiedsrichtern überlaſſen könne. Jn der That
91 1306 1125 1359 wird auch durch ein bloßes Schiedsgerichtsſyſtem,
93 1356 1123 1413 deſſen Annahme dem Belieben der einzelnen Mächte über—
93 1415 1122 1467 laſſen bleibt, der Krieg nicht aus der Welt geſchafft
93 1461 1123 1523 werden. Dieſes Ziel iſt vielmehr nur durch eine völker—
93 1518 1130 1573 rechtlich zu ſanetionirende, allgemein verbindliche
91 1572 1130 1627 und regelmäßige internationale Gerichtsbarkeit
94 1624 1130 1684 zu erreichen. Das Rechtsprincip muß endlich auch in
169 1694 1128 1743 *) Vgl. auch meine Schrift ,,Der Anarchismus nnd das
91 1740 1115 1790 Recht der Schwachen oder: Die drei Grundübel unſerer Zeit'
