1267 1959
102 156 1142 210 thut, daß der Schwerpunkt der auswärtigen Politik
109 208 1141 269 für die europäiſchen Großmächte jetzt faſt ausſchließlich
107 264 1141 318 in den Colonialfragen oder wenigſtens in außer—
109 318 1144 372 europäiſchen Fragen liegt und daß in all dieſen Fragen
106 372 1144 424 ein Zuſammengehen aller civiliſirten Nationen
109 424 1142 481 den Jntereſſen der Einzelnen derſelben, wie der Geſammtheit
111 479 622 533 am Förderlichſten ſein dürfte.
197 530 1144 587 Wenn die Regierungen aus eigenem Antriebe ſich nicht
111 582 1141 644 ſo leicht von der hergebrachten militariſtiſchen Selbſt hilfe—
109 638 1142 695 und Fauſtrechtspolitik trennen können, ſo werden die
106 688 1141 746 Völker ſelbſt endlich den Ruf nach Errichtung eines Welt-
107 741 1141 804 taatenbundes erheben müſſen, — nach einem Welt—
109 796 1139 853 Staatenbunde, innerhalb deſſen die eigenmächtige Selbſt—
107 850 1139 915 hilfe auf dem Wege des Krieges unbedingt ausge—
107 906 1142 959 ſchloſſen und durch eine obligatoriſche ordentliche
117 956 1144 1015 Friedensgerichtsbarkeit erſetzt würde. Erſt wenn
109 1012 1146 1066 dieſer Gedanke ſeine Verwirklichung gefunden haben
112 1064 1144 1121 wird, werden wir aus der Praxis der Nothbehelfe und
107 1118 1144 1180 der kleinen Mittel zur Beſeitigung der Wirrniſſe und
115 1173 1144 1226 Nothlage, unter denen die Geſellſchaft leidet, herauskommen,
120 1224 1147 1278 — erſt dann wird die geſammte Menſchheit erleichtert
114 1279 1146 1332 aufathmen, um mit vereinter ungeahnter Kraft unter
111 1330 1146 1385 dem Banner des Welt-Staatenbundes fortan ungeſtört
115 1382 1146 1439 ihren höchſten Zielen zuzuſtreben. Dann erſt wird der
112 1438 1146 1492 Weltfrieden dauernd begründet ſein und zur wahren
112 1488 589 1550 Welt-Wohlfahrt führen.
207 1542 1144 1598 An realpolitiſchen Anknüpfungspunkten zur
114 1596 1147 1650 Verwirklichung des Welt-Staatenbundes fehlt es ſchon heute
114 1650 1144 1707 keineswegs. Die verſchiedenen Bündniſſe, denen wir gegen—
117 1704 1142 1758 wärtig in Europa begegnen, wie der deutſch-italieniſch—
119 1754 1146 1818 onerreiciſce Dreibund, das Bündniß zwiſchen Frank—
107 102 1139 159 Erfolg begleitet ſein, als die ganze politiſche Weltlage dar—
