1323 1959
663 3 690 53 5
160 91 1189 142 man aufhören, mit den Maſchinen und ihren Groß—
156 142 1192 195 beſitzern mehr Rückſicht zu haben, als mit den Millionen,
156 195 1198 249 die durch dieſelben brodlos werden. Es ſei damit nicht
160 246 1195 310 geſagt, daß die Maſchinen abgeſchafft werden ſollen. Wohl
156 302 1193 355 aber wird man ſich dazu entſchließen müſſen, die Rieſen—
158 355 1193 409 maſchinen der Großinduſtrie entſprechend zu be—
158 411 1193 463 ſteuern, um aus dem Ertrage dieſer Steuer Arbeits—
160 460 1198 520 gelegenheit fr Arbeitsloſe zu ſchaffen. Außerdem
164 517 1198 571 muß man ſich endlich entſchließen, daß Recht auf Arbeit
164 569 1197 623 ſchlechtweg anzuerkennen und die ,,heilige Scheu'', die
166 625 1197 677 man vor dieſer Anerkennung hat, völlig fahren zu laſſen.
166 674 1198 728 Nur ſo wird die Jnduſtrie aufhören, der ,,Saturn'' der
161 728 1197 781 Arbeit zu ſein, der ſeine Kinder verſchlingt und nur von
160 781 465 834 ihrem Tode lebt.
256 835 1203 889 Auch vor dem Mittel, den Arbeitsloſen Grund
166 889 1200 943 und Boden und das Nöthige zu ihrer Bebauung zu
166 943 1202 1003 gewähren, darf man nicht zurückſchrecken, wenn es gilt, die
166 995 1202 1056 Geſellſchaft vor einer Kriſis zu bewahren, gegen die ſelbſt
160 1049 1202 1103 die Militärgewalt keinen ſicheren Schutz mehr gewähren
166 1106 290 1159 würde.
258 1155 1200 1211 Louis Napoleon ſprach ſich ſeiner Zeit dafür aus, daß
171 1209 1203 1260 man den Arbeiter und ſein Jntereſſe mehr an Grund und
173 1261 1202 1315 Boden feſſeln ſollte. Er that dies mit folgenden Worten:
392 1315 1203 1368 ,,La classo ouvritre ne posstde rien, il fant la rendre
333 1361 1203 1412 propriétire... Elle est comme un peuple d'ilotss
333 1405 1205 1449 au milieu d'un penple do sFbarites. Jl faut lui
331 1448 1205 1495 donner une place dans la société ot ttacher sas intérêts
331 1498 579 1539 à ceux du sol.''
264 1537 1207 1590 Wenn nun auch bei der Organiſation der Arbeit und
173 1581 1207 1643 der Beſitzverhältniſſe für die Arbeitsloſen die Grund- und
174 1640 1205 1699 Bodenfrage mit in Betracht kommen dürfte, ſo iſt dies doch
178 1697 1207 1750 nur eine Sonderfrage für die Ver wirklichung des Rechtes
179 1751 1210 1807 u Aroei. Jn der Verwirklichung dieſes Rechtes iſt allein
