1323 1959
155 101 1198 155 der Politik ſeine zwingende Geltung erlangen. Die
158 150 1195 212 Gründung einer völkerrechtlichen Welt-Union auf dieſer
155 205 1189 262 Grundlage — das iſt die große That, die erforderlich iſt,
155 259 1193 311 um der Barbarei des Krieges unter den civiliſirten Völkern
156 311 1195 368 für immer ein Ende zu machen und mit dem Weltfrieden
155 367 1193 419 der Weltwohlfahrt die Wege zu ebnen. Jndem der in
155 419 1193 471 Antwerpen vom 29. Auguſt bis 1. September vorigen
148 471 1192 528 Jahres abgehaltene Friedenscongreß ſich immer wieder
156 527 1192 581 für das bloße Schiedsgerichtsſyſtem ausſprach, hat er
150 579 1192 633 der Sache des Friedens thatſächlich ſo wenig Vorſchub geleiſtet, wie
153 631 1184 690 ſeine Vorgänger. Ebenſo ungenügend iſt das,,Mittelchen'',
153 685 1187 744 das in Geſtalt eines Waffenſtillſtandsvectrages auf
147 739 870 793 längere Zeit auf's Tapet gebracht wurde.
243 795 1190 845 Nimmt man an, daß infolge der allgemeinen
148 845 1182 901 Wehrpflicht die Völker ſelbſt friedliebender, denn je ge—
151 899 1190 955 worden ſind und daß auch die Staatsoberhäupter die
150 955 1187 1007 Verantwortung für einen Krieg mit ſeinen furchtbaren
155 1008 1180 1069 Folgen nicht mehr leichten Herzens zu übernehmen geneigt
148 1061 1187 1114 ſind, wie wir aus jeder Thronrede und Präſidenten-Botſchaft
148 1114 1185 1170 erſehen, — nimmt man ferner an, daß z. B. Frankreich
143 1172 1182 1222 trotz ſeiner glänzenden Armee-Reorganiſation 25 Jahre ver—
145 1221 1184 1281 ſtreichen ließ, ohne ſeiner Revancheluſt Folge zu geben, ſo
143 1274 1184 1333 darf man füglich behaupten, daß es nur der Jnitiative
143 1330 1184 1381 einer Großmacht bedürfte, um zu einer Reform und
143 1382 1182 1434 Co difieation des Völkerrechts zu gelangen, wie ich ſie
147 1433 1180 1495 ſchon im Jahre 1872 in meiner Schrift ,,Grundzüge zur
143 1487 1177 1549 Reform und Codification des Völkerrechts'' vorgeſchlagen
148 1542 1177 1596 habe.) Die bezügliche Jnitiative würde um ſo ſicherer von
218 1627 1166 1683 5) Eine vollſtändige Ueberſetzung der hier citirten Schrift er
147 1676 1179 1725 ſchien in den ,,Etats-Unis d'uropo'' (Genf) im ,Bulletin de la
147 1728 1169 1769 Société des amis de la paix (Paris) und im ,Herald of Poaco'
145 1763 305 1818 (London).
